1912 3310
1012 197 1033 229 8

258 311 480 364 ἀροῦσθαι
511 307 646 364 μόνον
677 309 933 363 εἰὸαίμονας
964 303 1131 362 &istm-g.
1192 309 1415 364 Hippolyto
1445 309 1576 363 igitur
1606 309 1648 350 in
1668 310 1786 363 prato

259 379 331 419 illo
362 378 521 420 Dianae
551 380 751 432 tanquam
788 379 978 419 aeternae
1013 376 1336 431 tranquillitatis
1378 377 1571 429 pacisque
1607 376 1788 428 imagine

259 444 490 487 ambulanti
522 445 733 486 beatorum
766 445 878 486 sedes
908 446 1127 494 obversari,
1162 444 1307 497 ecquid
1338 444 1571 485 insulsum?

393 512 521 553 Poeta
552 513 690 553 autem
721 512 967 553 sententiola
998 512 1071 553 illa
1102 511 1151 554 de
1173 511 1325 552 virtute
1352 511 1501 552 natura
1521 511 1660 564 insita,
1691 511 1789 552 Pin-

260 579 377 620 daril
408 580 658 620 auctoritate
687 579 860 631 sancita,
892 591 971 620 non
1001 580 1087 619 tam
1119 578 1381 620 initiatorum
1403 590 1528 631 quam
1559 578 1790 631 generatim

261 647 482 699 proborum
512 646 706 686 iuvenum
738 658 941 687 summam
976 646 1172 687 virtutem
1201 645 1409 693 illustrat;
1457 645 1789 698 quandoquidem

258 713 478 754 translatio
510 712 747 754 distinctius
777 713 891 766 loqui
923 714 1048 754 vetat.
1109 713 1174 754 Ad
1207 713 1315 765 quod
1346 712 1570 754 artificium
1593 708 1791 761 Alanis-2

261 780 517 833 allegoriam,
550 793 673 833 quam
697 780 931 833 Euripidem
957 793 1134 834 pangere
1163 793 1244 822 non
1275 780 1455 833 potuisse
1485 780 1630 821 vellem
1669 779 1790 821 certis

261 848 516 901 argumentis
548 848 752 900 probares⁷
796 848 1019 888 transitum
1051 847 1262 900 aptissime
1294 859 1438 899 parare
1471 846 1513 887 in
1547 847 1684 899 aprico
1717 847 1789 887 est.

259 916 407 968 Itaque
438 915 585 963 nescio,
619 927 671 955 an
703 915 790 967 apis
822 914 1202 956 commemorationi
1234 927 1270 956 v.
1294 914 1344 954 77
1376 914 1500 955 altior
1517 926 1656 955 sensus
1677 912 1790 963 insit,

262 995 382 1035 quem
413 983 554 1023 tamen
585 981 770 1034 equidem
804 994 884 1022 non
915 981 1044 1023 audeo
1083 982 1237 1023 elicere.
1299 982 1408 1022 Nam
1446 980 1692 1022 scholiastae
1728 979 1792 1020 in-

260 1049 527 1103 terpretanti:
558 1048 758 1101 μέλισσαε
793 1044 903 1105 ψυχή
937 1049 1057 1090 fidem
1085 1061 1170 1089 non
1205 1049 1372 1090 habebis
1390 1051 1417 1089 3.

396 1115 474 1158 Sed
511 1116 618 1156 hunc
654 1116 789 1156 locum
831 1116 913 1157 alia
945 1116 1180 1157 coniectura
1210 1115 1260 1156 ad
1292 1114 1503 1156 Phaedrae
1534 1126 1667 1156 mores
1703 1126 1794 1166 per-

260 1184 418 1224 tinente
445 1195 637 1224 exornare
668 1183 898 1224 conveniat.
960 1182 1148 1235 Magicae
1179 1182 1334 1223 scilicet
1365 1185 1474 1223 artes
1503 1194 1596 1223 cum
1622 1181 1666 1222 in
1688 1180 1794 1234 Hip-

263 1250 404 1304 polyto
437 1250 672 1292 Coronifero
704 1252 936 1304 tanguntur
966 1250 1034 1299 (cf.
1065 1263 1102 1291 v.
1135 1250 1246 1301 509),
1280 1251 1368 1290 tum
1403 1250 1446 1291 in
1477 1249 1625 1291 Velato
1655 1249 1792 1290 locum

263 1318 528 1368 invenerant3
562 1330 657 1358 nam
683 1317 914 1359 Phaedram
947 1317 1013 1359 hic
1044 1317 1373 1358 devinctionibus
1403 1318 1443 1358 et
1472 1315 1794 1358 incantamentis

264 1396 429 1437 operam
461 1397 645 1437 navasse,
692 1386 738 1425 ut
769 1385 953 1426 amatum
987 1385 1176 1425 iuvenem
1213 1384 1410 1436 alliceret,
1447 1397 1492 1425 ea
1523 1382 1796 1425 similitudine

263 1450 350 1491 veri
392 1450 613 1497 conicitur,
669 1464 791 1504 quam
833 1451 874 1491 in
915 1451 978 1491 his
1020 1451 1139 1492 rebus
1182 1450 1374 1504 consequi
1414 1451 1511 1492 licet
1528 1454 1555 1492 ⁴.
1634 1449 1795 1492 Scimus

265 1521 404 1558 autem
453 1517 619 1558 ineunte
668 1517 750 1558 fere
801 1517 908 1559 bello
955 1517 1298 1570 Peloponnesiaco
1346 1517 1540 1559 feminam
1587 1515 1795 1570 quandam

264 1584 422 1625 Ninum
467 1584 718 1625 sacerdotem
751 1584 914 1626 Sabazii
941 1585 1114 1626 Athenis
1150 1585 1294 1626 turbas
1331 1585 1489 1626 dedisse
1523 1584 1688 1638 philtris
1718 1583 1797 1624 mi-

265 1651 436 1701 scendis,
483 1652 532 1692 ob
572 1651 681 1704 quod
715 1651 910 1693 delictum
942 1653 1082 1705 postea
1111 1652 1154 1693 in
1189 1651 1252 1693 ius
1283 1653 1430 1693 vocata
1459 1652 1519 1693 est
1533 1653 1560 1693 ⁵.
1622 1650 1797 1692 Videtur

401 1877 413 1896 ¹
441 1876 496 1912 01.
524 1877 568 1921 Π,
595 1877 768 1923 86(155),
794 1878 858 1921 IX,
889 1880 955 1913 100
981 1879 1089 1923 (152).
1116 1879 1219 1914 Nem.
1244 1878 1310 1923 ΙΙΙ,
1336 1879 1382 1912 40
1408 1879 1491 1923 (70).
1533 1877 1686 1912 Minime
1710 1888 1799 1912 vero

265 1948 410 1971 necesse
438 1948 513 1970 esse
552 1948 647 1979 eum,
680 1938 743 1981 qui
770 1938 908 1972 dicitur
936 1950 1169 1983 nequaquam
1195 1938 1431 1972 institutione
1465 1957 1508 1961 —
1542 1937 1595 1971 ita
1622 1937 1719 1972 enim
1745 1937 1799 1970 in-

265 1995 549 2040 terpretandum
575 1995 635 2037 (cf.
662 1996 768 2030 Gloel
794 1997 821 2030 1.
848 1997 886 2040 l.)
915 2017 956 2021 —
984 1997 1047 2031 sed
1081 2001 1215 2031 natura
1246 1997 1424 2031 virtutem
1461 1996 1613 2030 insitam
1649 1995 1798 2038 habere,

266 2054 372 2088 libris
398 2055 548 2089 omnino
575 2066 611 2089 se
638 2055 835 2099 abstinere,
868 2068 943 2090 non
972 2056 1107 2090 attinet
1135 2056 1291 2100 amplius
1319 2066 1502 2100 exponere
1520 2057 1650 2089 contra
1667 2054 1798 2088 Whee-

268 2113 388 2147 lerum
415 2112 437 2146 1.
464 2113 486 2147 1.
512 2125 546 2157 p.
574 2114 630 2153 49,
676 2114 738 2158 qui
773 2115 931 2158 putabat
965 2115 1030 2149 hos
1063 2126 1188 2149 versus
1222 2126 1303 2149 cum
1329 2126 1363 2148 v.
1392 2115 1460 2148 952
1487 2125 1540 2158 sq.
1568 2113 1798 2157 discrepare;

268 2183 339 2216 quo
368 2172 447 2206 loco
476 2184 521 2206 ne
548 2172 625 2216 ipse
652 2173 801 2216 quidem
827 2173 1052 2218 Hippolytus
1078 2174 1256 2218 loquitur.
1284 2193 1327 2197 -
1354 2173 1470 2207 Poeta
1496 2176 1621 2207 autem
1648 2183 1799 2217 carpere

267 2230 414 2264 videtur
441 2231 623 2275 sophistas
652 2232 707 2273 (cf.
737 2232 908 2267 XVelcker
934 2233 955 2267 l.
984 2233 1006 2266 1.
1034 2245 1068 2277 p.
1097 2232 1214 2277 474).'

403 2289 416 2310 ²
441 2290 598 2324 Athenis
625 2302 726 2325 aram
751 2290 883 2326 habuit
907 2295 1057 2326 auctore
1084 2292 1266 2326 Pausania
1292 2292 1319 2331 I,
1352 2293 1404 2325 17.
1434 2294 1463 2325 1.

402 2348 415 2368 ³
443 2350 613 2393 μέλισσαι
631 2352 667 2383 et
682 2350 864 2394 nymphae
879 2354 964 2385 sunt
979 2350 1038 2391 (cf.
1056 2350 1174 2385 Schol.
1196 2350 1300 2385 Pind.
1316 2350 1424 2394 Pyth.
1436 2350 1499 2393 IV,
1515 2349 1592 2383 104.
1618 2348 1798 2393 Porphyr-

269 2407 313 2441 de
342 2409 449 2441 antro
477 2407 626 2452 nymph.
651 2409 715 2452 18).
769 2408 858 2442 Cum
884 2411 963 2443 toto
988 2409 1067 2444 loco
1094 2409 1299 2454 Euripideo
1327 2409 1374 2444 ad
1399 2412 1606 2444 extremum
1633 2407 1798 2442 conferas

268 2465 370 2509 Ibyc.
396 2465 466 2512 frg.
498 2467 513 2500 1
543 2466 601 2501 B.:

735 2517 809 2569 ςΗρι
838 2525 910 2570 μὲν
935 2528 976 2560 αἴ
998 2537 1033 2560 τε
1061 2522 1246 2561 Κυδώνιαι

733 2585 883 2630 μηλίδες
909 2580 1108 2628 ἀρδόμεναι
1139 2586 1229 2631 ῥοᾶν

736 2643 775 2678 ἐκ
802 2645 991 2689 ποταμῶν,
1020 2647 1078 2678 ἵνα
1104 2647 1303 2690 παρθένων

732 2703 847 2745 κῆπος
874 2699 1060 2746 ἀκήρατος.

404 2761 419 2780 ⁴
445 2758 499 2794 Cf.
528 2758 648 2795 Schol.
677 2761 863 2796 Theocrit.
890 2762 934 2804 ΙΙ,
965 2763 1018 2797 10.
1044 2762 1218 2797 ἛΥΕῙΟΙςεῙ·
1242 2763 1265 2796 l.
1294 2762 1316 2796 l.
1343 2774 1377 2806 p.
1407 2762 1487 2795 737.

409 2818 423 2838 ⁵
451 2818 503 2853 Cf.
530 2818 719 2854 Demosth.
754 2821 797 2855 de
830 2820 910 2855 fals.
949 2821 1018 2866 leg.
1059 2820 1078 2865 ξ
1105 2822 1171 2855 281
1211 2820 1330 2855 Schol.
1371 2819 1543 2855 Schaefer
1568 2818 1758 2863 Demosth.
1786 2817 1800 2852 Ι

274 2888 310 2922 p.
330 2877 395 2910 198
422 2888 474 2924 sq.
508 2877 737 2914 Schoemann
763 2891 884 2926 opusc.
905 2879 958 2915 111
983 2891 1018 2926 p.
1041 2880 1121 2915 430.
1173 2879 1234 2917 Gr.
1260 2879 1423 2916 Alterth.
1449 2879 1484 2913 II
1508 2890 1543 2925 p.
1563 2879 1642 2912 376.
1671 2878 1750 2912 349.
