1912 3310
831 171 873 203 13

86 284 168 325 283
197 296 228 325 e.
259 283 321 336 s.)‚
353 283 450 336 quia
471 283 689 337 Sophocles
720 284 860 325 eadem
891 284 1038 326 vocula
1068 285 1110 325 in
1135 285 1320 327 Phaedra
1351 285 1485 326 utitur
1515 284 1611 339 (frg.

86 351 185 403 615)
200 351 225 392 ¹.

217 416 308 476 Iam
351 417 410 466 ut,
451 417 558 458 unde
595 418 888 465 aberravimus,
926 417 978 459 ad
1007 417 1161 470 philtra
1191 418 1414 469 redeamus,
1447 418 1489 459 id
1521 419 1613 472 qui-

86 483 177 525 dem
213 484 326 525 certa
365 484 526 526 ratione
563 484 836 526 demonstrari
875 484 1035 537 nequit,
1075 484 1317 527 Trachinias
1355 486 1478 527 etiam
1516 487 1611 527 ante

87 550 280 592 Velatum
298 550 571 604 Hippolytum
601 552 776 603 scriptas
807 563 902 591 esse.
964 551 1070 592 Nam
1103 552 1299 604 adagium
1330 552 1433 593 illud
1459 552 1611 605 Sopho-

88 617 220 659 cleum
248 617 296 658 de
326 617 478 659 amoris
509 617 763 670 praestantia
792 617 834 657 in
868 618 1107 659 memoriam
1140 631 1346 669 revocans,
1386 620 1487 660 nihil
1518 619 1612 660 inde

87 683 343 734 concludam,
388 683 496 737 quod
540 683 754 736 Euripides
799 685 840 725 in
885 685 1017 737 priore
1064 685 1202 726 fabula
1251 688 1445 727 Amorem
1490 688 1611 728 vocat

86 746 266 795 πάντων
308 750 737 804 δυσμαχώτατον
782 749 890 792 θεόν
929 751 1027 805 (frg.
1069 753 1189 803 433),
1238 754 1308 805 qui
1356 766 1434 794 uon
1477 754 1609 795 solum

86 818 196 860 viros
231 818 502 872 mulieresque
541 819 729 868 lacessat,
775 818 843 860 sed
888 819 1046 860 animos
1090 819 1214 860 etiam
1260 819 1427 861 deorum
1472 822 1611 862 turbet

87 885 186 939 (frg.
216 886 356 936 434)2.
415 885 555 939 Neque
587 886 754 927 maioris
786 885 974 939 ponderis
1005 887 1089 936 est,
1137 886 1244 939 quod
1288 887 1330 927 in
1376 887 1608 941 fragmento

85 952 194 1006 trag.
226 952 361 1005 adesp.
395 953 473 994 107
506 952 637 994 multa
668 965 760 994 cum
791 953 1083 1006 probabilitate
1096 953 1242 993 Velato
1269 953 1490 1007 Hippolyto
1521 955 1611 995 vin-

87 1019 250 1061 dicat-,0³
285 1020 327 1061 et
366 1019 489 1073 Soph.
529 1020 674 1061 Traoh.
707 1021 788 1061 300
827 1020 980 1061 similia
1016 1020 1220 1061 adiectiva
1253 1021 1377 1061 simili
1409 1021 1528 1063 modo
1559 1022 1611 1063 ad

87 1087 259 1143 eandem
295 1099 380 1128 rem
415 1086 708 1128 illustrandam
745 1087 859 1128 iuxta
895 1088 1114 1139 ponuntur.
1175 1087 1293 1129 Talia
1322 1089 1457 1141 potius
1487 1089 1611 1131 missa

88 1153 303 1207 faciamus,
334 1166 384 1195 ne
415 1154 526 1195 certa
556 1153 723 1195 incertis
754 1154 1011 1195 t11rbe11t11r⁴.

222 1220 301 1264 Sed
338 1233 388 1262 ne
418 1221 466 1263 de
492 1221 703 1263 Phaedrae
741 1221 940 1271 moribus,
979 1221 1118 1275 quales
1155 1224 1274 1276 poeta
1303 1224 1344 1264 in
1377 1223 1610 1266 Coronifero

87 1288 328 1343 depinxerit,
358 1288 557 1330 iudicium
590 1290 776 1330 nostrum
807 1301 998 1330 mancum
1028 1290 1082 1330 sit
1103 1314 1152 1318 —-
1176 1291 1473 1344 superstruitur
1502 1292 1611 1333 enim

223 1435 236 1455 ¹
263 1434 388 1470 Sciens
412 1436 673 1480 praetermitto
694 1436 892 1471 Herculem
910 1439 993 1481 post
1011 1440 1201 1481 acceptum
1221 1437 1394 1471 nuntium
1421 1437 1465 1472 de
1482 1438 1610 1472 volun-

87 1494 185 1529 taria
209 1495 335 1529 uxoris
358 1499 478 1530 morte
496 1495 614 1540 deque
632 1496 763 1540 philtri
784 1496 928 1540 origine
946 1496 1228 1530 lamentationes
1246 1497 1377 1531 tollere
1402 1509 1436 1531 v.
1455 1499 1542 1531 1143
1558 1510 1609 1542 sq.

87 1554 133 1588 iis
158 1555 308 1599 similes,
350 1555 388 1590 in
414 1567 504 1600 quas
530 1556 656 1590 nutrix
683 1567 751 1600 pro
779 1567 844 1590 sua
869 1560 1003 1590 natura
1035 1556 1157 1590 omnia
1190 1568 1416 1601 exaggerans
1443 1576 1485 1580 —-
1514 1556 1612 1600 quod

89 1617 219 1648 contra
246 1614 482 1649 Wheelerum
509 1616 532 1649 l.
558 1616 580 1649 l.
607 1627 642 1659 p.
668 1616 711 1649 53
739 1615 920 1649 monitum
944 1615 1028 1649 volo
1060 1633 1099 1638 -
1127 1615 1342 1659 effunditur,
1368 1615 1431 1649 ubi
1451 1616 1611 1659 primum

89 1672 260 1708 Phaedra
286 1673 436 1709 foedum
461 1686 622 1708 amorem
647 1674 811 1709 confessa
838 1677 893 1708 est
921 1686 953 1707 v.
982 1676 1049 1708 353
1076 1686 1127 1718 sq.

217 1734 231 1754 ‘²
262 1732 376 1768 Poeta
395 1733 517 1768 addit:
550 1731 641 1766 κάπὶ
659 1729 796 1766 πόντον
814 1734 965 1778 ἔρχεται,
994 1733 1092 1777 quod
1109 1733 1277 1777 pluribus
1296 1733 1462 1767 illustrat
1479 1733 1610 1767 chorus

88 1791 172 1836 Hip.
202 1793 294 1827 1272
321 1803 373 1836 sq.
423 1792 577 1826 Minime
610 1792 758 1836 quidem
791 1795 933 1826 certum
964 1792 1002 1825 id
1029 1792 1303 1835 documentum,
1345 1791 1516 1835 Sophocli
1546 1792 1610 1826 hos

88 1861 217 1885 versus
243 1862 326 1885 cum
353 1851 597 1886 Valckenario
639 1851 698 1891 (ad
724 1851 813 1885 Eur.
840 1851 925 1895 Hip.
953 1852 1036 1894 447)
1073 1854 1202 1885 contra
1228 1850 1376 1885 Stobaei
1415 1851 1528 1895 (Flor.
1555 1852 1612 1894 63,

89 1909 151 1954 25)
177 1910 452 1951 auctoritatem,
479 1922 589 1954 quam
615 1910 787 1944 ‘Welcker
814 1911 851 1953 (l.
872 1911 897 1943 l.
916 1922 951 1954 p.
974 1910 1057 1954 397)
1085 1914 1229 1944 secutus
1257 1913 1323 1953 est,
1349 1910 1612 1944 abiudicandos

91 1971 128 2002 et
151 1968 325 2013 Euripidi
353 1981 435 2003 cum
457 1969 644 2003 Clemente
669 1969 923 2003 Alexandrino
949 1968 1100 2012 (Strom.
1121 1968 1182 2005 VI.
1207 1980 1242 2012 p.
1265 1968 1346 2007 745)
1373 1972 1447 2002 tres
1474 1969 1612 2012 primos

87 2038 214 2062 versus
232 2027 299 2062 sub
314 2028 390 2062 eius
405 2028 553 2062 nomine
568 2027 744 2062 afferente
762 2027 980 2062 tribuendos
999 2039 1085 2062 esse.
1126 2027 1219 2062 Nam
1235 2027 1453 2072 Sophoclem
1467 2038 1612 2071 quoque

89 2086 228 2121 alatum
260 2086 506 2121 ludibundum
542 2088 719 2121 Amorem
753 2087 899 2121 novisse
937 2087 1085 2121 Amoris
1124 2087 1307 2120 invocatio
1347 2087 1385 2120 in
1422 2087 1612 2131 Antigona

87 2145 196 2180 docet
219 2157 253 2180 v.
280 2147 367 2180 785:
395 2147 525 2192 φοιτᾷς
551 2146 582 2179 δ’
610 2142 849 2190 ὑπερπόντιος
874 2147 945 2179 κτλ.
995 2148 1173 2179 Attamen
1199 2145 1416 2188 Nauckium,
1448 2145 1506 2179 cui
1532 2145 1611 2188 ipsa.

87 2203 198 2238 huius
222 2203 426 2250 fragmenti
452 2205 571 2240 oratio
599 2205 818 2249 Euripidem
843 2204 1001 2249 prodere
1020 2204 1178 2247 videtur,
1204 2204 1407 2238 rectissime
1432 2203 1611 2237 iudicasse

89 2262 176 2298 inde
201 2264 391 2303 concludo,
432 2264 532 2308 quod
557 2264 770 2304 Menander,
798 2264 988 2307 Euripidis
1015 2263 1232 2306 aemulator,
1270 2265 1396 2307 aperte
1427 2263 1518 2297 duos
1552 2274 1610 2297 ex-

87 2324 226 2357 tremos
250 2335 377 2357 versus
404 2327 488 2358 ante
515 2324 638 2358 oculos
664 2323 796 2357 habuit
822 2323 860 2356 in
886 2322 1017 2356 Herois
1047 2322 1118 2367 frg.
1149 2323 1161 2355 1
1193 2321 1258 2365 (M.
1285 2321 1345 2361 IV,
1380 2322 1472 2365 128).

220 2382 234 2403 ³
260 2381 489 2417 Valckenaer
536 2382 599 2427 (ad
633 2382 722 2416 Eur.
760 2382 844 2426 Hip.
893 2382 998 2425 1029)
1036 2381 1104 2415 hoc
1147 2381 1351 2425 suspicatus
1396 2384 1467 2423 est,
1508 2380 1610 2414 cuius

88 2439 340 2474 coniecturam
365 2440 482 2474 miror
507 2453 528 2475 a
553 2440 643 2474 viris
670 2440 788 2474 doctis
824 2440 1031 2484 neglectam
1058 2450 1144 2473 esse.
1194 2438 1287 2473 Nam
1318 2450 1444 2472 versus
1475 2438 1612 2472 eisdem

89 2498 212 2533 verbis
247 2498 427 2543 incipiens
459 2499 596 2544 legitur
624 2499 708 2543 Hip.
739 2501 829 2533 1029
870 2499 931 2542 (ef.
961 2510 993 2532 v.
1025 2499 1113 2531 1048
1142 2500 1229 2541 sq.);
1271 2497 1517 2541 interpolatus
1549 2497 1611 2531 ille

91 2557 251 2600 quidem,
289 2561 332 2592 ut
362 2558 511 2592 videtur
544 2558 604 2601 (cf.
632 2558 804 2592 Wheeler
830 2558 853 2592 l.
880 2558 902 2591 l.
930 2569 964 2602 p.
991 2558 1061 2600 60).
1103 2557 1282 2591 Praebuit
1308 2560 1432 2590 autem
1458 2556 1613 2600 saepius,

86 2618 129 2650 ut
153 2617 371 2661 videbimus,
396 2617 549 2652 Velatus
576 2629 702 2652 ansam
728 2617 774 2651 ad
798 2616 1110 2660 interpolandum.

222 2677 237 2696 ⁴
261 2675 463 2720 Postquam
489 2676 579 2710 haec
604 2676 748 2720 scripsi,
776 2675 889 2709 incidi
912 2675 949 2708 in
968 2674 1094 2708 Hensii
1114 2673 1246 2708 Studia
1262 2672 1464 2717 Sophoclea
1480 2685 1515 2718 p.
1532 2674 1612 2716 287,

88 2733 151 2777 qui
176 2733 268 2768 item
303 2734 471 2768 versibus
504 2734 590 2779 Hip.
619 2736 685 2768 545
713 2746 765 2778 sq.
799 2734 918 2767 utitur
950 2732 996 2766 ad
1031 2731 1358 2766 demonstrandum
1395 2720 1622 2766 Trachinias⁴

86 2794 174 2826 ante
196 2792 441 2838 Hippolytum
468 2793 689 2838 compositas
714 2804 801 2827 esse.
859 2792 929 2826 Sed
955 2791 1027 2825 nisi
1053 2791 1222 2826 omnibus
1251 2790 1340 2825 locis
1368 2790 1610 2835 argumentis-

87 2861 158 2895 que
183 2855 353 2887 accurate
378 2853 597 2886 examinatis
623 2864 680 2886 res
709 2851 876 2896 expediri
902 2850 1042 2894 nequit.
