1912 3310
834 149 876 183 15

89 257 191 314 (1.1.
222 271 260 312 p.
293 258 392 310 213)
429 259 471 299 hi
507 272 646 300 versus
683 260 994 312 interpretandi.
1036 284 1091 288 —
1138 262 1228 303 Hoc
1267 262 1356 304 loco
1391 264 1614 318 paullisper

89 325 232 379 pedem
279 324 451 378 figentes
498 325 894 379 circumspectemus.
965 327 1176 369 Phaedrae
1220 329 1414 371 virtutem
1460 331 1611 381 labare,

89 392 182 445 quis
229 391 302 442 est,
351 391 450 442 quin
492 392 743 444 perspiciat?
813 393 1010 435 Attamen
1052 394 1174 435 minis
1221 396 1304 436 suis
1344 397 1447 438 nihil
1485 398 1612 439 inter-

87 458 270 509 miscuit,
300 470 380 511 quo
402 457 570 499 audacis
591 459 750 500 consilii
768 472 791 500 a
813 461 971 501 nutrice
991 461 1141 513 prolati
1163 463 1496 514 approbationem
1521 477 1613 517 pro-

92 526 217 568 deret.
278 524 429 566 Nutrix
459 525 603 578 igitur,
649 526 683 566 si
718 526 870 568 iustam
903 528 1119 569 victoriam
1161 530 1366 581 reportare
1394 531 1496 579 vult,
1542 543 1612 584 op-

91 592 388 646 pugnationem
420 593 563 645 aperta
593 592 751 634 ratione
773 593 1009 635 institutam
1043 595 1252 636 dimittere
1281 597 1320 637 et
1351 609 1457 638 nova
1488 610 1614 650 eaque

85 660 401 703 simulationum
430 658 654 700 involucris
682 660 791 701 tecta
821 661 1002 703 subsidia
1033 662 1340 714 circumspicere
1369 663 1498 705 debet.
1545 664 1610 706 Si-

84 727 240 769 mulate
270 726 549 769 assentabitur
579 726 619 766 et
649 727 769 767 missa
803 728 943 778 faciet,
972 741 1073 781 quae
1104 730 1245 779 suasit,
1277 730 1407 771 altero
1439 730 1608 772 consilio

85 806 273 848 novaque
311 792 549 835 condicione
592 806 702 835 eram
745 795 941 847 religione
979 796 1220 848 impeditam
1257 797 1390 838 levare
1428 797 1607 838 studens.

86 861 215 904 Caute
244 861 376 915 igitur
405 861 466 902 ita
497 861 707 913 praefatur
737 875 773 903 v.
806 863 906 904 507:

281 923 328 969 εἶ’
349 943 419 969 τοι
450 927 572 968 δοκεῖ
604 942 686 979 σοι,
718 926 795 983 χρὴ
825 927 903 982 μὲν
934 922 984 970 οἱ(
1015 929 1051 971 σ’
1084 925 1382 982 ἁμαρτάνεινῑ.

83 995 173 1048 Quo
195 1007 313 1038 versu
337 995 406 1048 qui
427 996 531 1052 χρῆν
554 996 734 1048 tuentur,
767 997 886 1037 huius
909 997 1081 1038 diverbii
1103 998 1330 1040 rationibus
1353 998 1464 1039 nullo
1487 999 1606 1040 modo

82 1062 357 1113 satisfaciunt,
399 1075 495 1104 nam
536 1063 651 1104 novis
689 1064 868 1104 consiliis
905 1064 988 1105 tale
1024 1066 1273 1117 prooemium
1315 1078 1458 1117 parum
1490 1067 1608 1107 caute

81 1131 434 1184 praemitteretur3
464 1130 612 1171 stolide
642 1130 806 1183 insuper
833 1131 972 1172 nutrix
994 1131 1133 1172 delicti
1155 1132 1402 1173 mentionem
1423 1132 1498 1173 hoc
1519 1133 1607 1174 loco

81 1198 263 1248 iniceret,
311 1197 380 1239 ubi
426 1197 583 1250 aliquid
615 1198 930 1250 perpetrandum
976 1199 1121 1240 suadet
1167 1191 1254 1239 οὔτ’
1301 1197 1368 1239 ἐπ’
1413 1196 1608 1252 αἰσχροῖς

81 1256 170 1307 0ἰῖῑέ
215 1263 290 1306 ἐπὶ
331 1260 469 1322 βλάβῃ
520 1264 692 1319 φρενῶν
737 1278 773 1306 v.
821 1266 923 1314 511;
977 1266 1228 1307 contrarium
1273 1268 1606 1319 exspectaremus.

82 1332 350 1386 Repugnaret
380 1333 555 1387 denique
586 1333 659 1375 illa
692 1334 831 1385 aperte
855 1333 1056 1386 prioribus
1078 1333 1446 1384 adhortationibus,
1479 1334 1512 1375 si
1533 1334 1608 1375 hoc

80 1399 169 1442 loco
202 1400 262 1441 ita
293 1400 542 1454 loqueretur,
588 1401 787 1454 tanquam
827 1401 1013 1442 Phaedra
1058 1401 1201 1453 sponte
1248 1400 1411 1442 libidini
1462 1414 1607 1442 manus

79 1467 269 1509 dedisset.

212 1535 410 1589 Sequitur
431 1535 645 1578 cuiusdam
667 1535 837 1577 remedii
858 1535 1081 1586 simulatio,
1116 1549 1219 1589 quae
1239 1549 1361 1589 quam
1386 1536 1607 1578 artificiose

79 1616 103 1646 a
133 1604 253 1656 poeta
283 1603 478 1644 instituta
509 1603 575 1653 sit,
621 1604 743 1644 velim
787 1603 975 1656 inprimis
1019 1603 1219 1649 observes,
1265 1616 1314 1645 ne
1350 1604 1390 1644 te
1420 1603 1605 1644 occultus

77 1670 207 1712 totius
246 1682 415 1712 scaenae
454 1682 592 1710 sensus
631 1669 780 1723 fugiat.
841 1670 992 1711 Nutrix
1029 1671 1134 1711 enim
1170 1671 1270 1711 haec
1305 1671 1441 1712 omnia
1473 1671 1532 1711 ita
1562 1670 1605 1710 in

78 1737 320 1790 ambiguum
351 1736 574 1790 implicat²‚
621 1737 667 1777 ut
696 1737 881 1790 intellegi
913 1737 1069 1790 possint
1100 1738 1138 1778 ct
1166 1738 1352 1790 magicae
1378 1737 1604 1788 illecebrae,

78 1805 226 1858 quibus
257 1804 507 1858 Hippolytus
537 1804 588 1845 ad
621 1804 931 1857 concipiendum
956 1805 998 1844 in
1030 1817 1242 1845 novercam
1276 1817 1456 1846 amorem
1478 1805 1605 1857 possit

76 1871 272 1913 fascinari
319 1874 358 1912 et
405 1870 583 1912 remedia
623 1871 675 1912 ad
714 1871 925 1912 Phaedrae
956 1883 1136 1912 amorem
1170 1871 1439 1924 morbumque
1469 1871 1605 1923 depel-

76 1937 256 1979 lendum.
318 1937 426 1979 Nam
469 1938 623 1990 philtra
669 1950 749 1979 non
792 1938 924 1980 solum
971 1938 1022 1979 ad
1072 1938 1368 1979 incendendum
1410 1950 1602 1987 amorem,

77 2018 218 2047 verum
260 2004 386 2047 etiam
431 2004 483 2046 ad
528 2005 768 2046 solvendum
813 2018 836 2047 a
883 2006 992 2059 sagis
1030 2005 1217 2057 componi
1250 2005 1524 2058 putabantur3
1556 2004 1604 2045 de

76 2085 158 2126 qua
188 2085 231 2114 re
257 2072 438 2114 statim-⁹².
499 2072 682 2114 Additur
713 2074 850 2114 autem
882 2073 1028 2114 vocula
1060 2068 1295 2128 θελκτήρια
1326 2085 1361 2113 v.
1394 2072 1474 2112 509
1503 2071 1604 2112 satis

211 2229 221 2249 ¹
250 2229 307 2264 Ita
332 2229 393 2264 hic
418 2241 544 2264 versus
572 2230 644 2264 iam
671 2229 708 2263 in
722 2229 918 2264 Bartholdi
938 2229 1099 2264 editione
1125 2229 1273 2274 legitur,
1301 2229 1363 2273 qui
1383 2232 1603 2274 argumenta

76 2288 277 2323 cumulavit
308 2288 378 2323 Rh.
410 2289 503 2323 Mus.
531 2288 654 2322 XXXI
680 2300 714 2332 p.
744 2290 812 2322 334
839 2301 859 2322 a
885 2289 1080 2322 Wheelero
1120 2289 1159 2332 (l.
1191 2289 1212 2321 l.
1251 2300 1286 2332 p.
1319 2288 1377 2332 58)
1422 2289 1602 2333 neglecta.

77 2346 274 2392 Ceteroqui
299 2347 413 2392 ipsius
441 2348 674 2382 coniecturae
711 2359 784 2381 non
816 2347 1093 2392 suffragabitur,
1136 2347 1199 2391 qui
1238 2350 1456 2392 argumenta
1491 2359 1602 2391 supra

75 2406 190 2441 allata
225 2407 396 2451 probarit
446 2426 490 2432 —
529 2407 711 2451 Sequente
745 2418 853 2440 versu
889 2406 1028 2441 Usener
1060 2409 1091 2439 εἰ
1120 2407 1152 2439 ‹5'
1181 2400 1244 2440 οὖν
1273 2406 1491 2440 mutandum
1525 2418 1602 2440 esse

74 2468 184 2509 putat
215 2465 253 2500 in
281 2456 301 2514 ᾗ
335 2466 368 2499 ‹5’
395 2461 475 2501 013v:
525 2465 607 2501 ‘sed
642 2467 824 2511 quidquid
857 2467 927 2501 tibi
954 2467 1128 2511 placebit,
1170 2467 1245 2500 sive
1275 2466 1420 2500 resistes
1448 2465 1600 2500 consilio

73 2535 155 2559 meo
188 2525 265 2559 sive
296 2523 538 2570 obsequeris’.
592 2525 840 2560 Wilamowitz
867 2526 906 2571 (l.
938 2527 960 2560 l.
986 2538 1021 2570 p.
1042 2526 1124 2569 218)
1163 2525 1294 2559 scribit
1320 2524 1401 2559 εἷεν.
1429 2524 1602 2558 Wheeler

74 2582 97 2617 l.
123 2583 148 2617 l.
175 2595 211 2628 p.
238 2585 298 2628 57)
324 2585 480 2620 coniecit
507 2583 582 2617 ἀλλ’
610 2578 684 2619 οὗν.

209 2643 224 2664 ²
249 2643 350 2678 Vers.
377 2644 541 2678 513-15
567 2656 588 2678 a
613 2644 702 2678 viris
731 2643 849 2678 doctis
876 2643 1014 2677 dudum
1040 2643 1079 2676 in
1104 2642 1239 2677 iustam
1266 2642 1509 2687 suspicionem
1537 2652 1599 2675 vo-

74 2704 176 2737 catos
201 2704 238 2737 et
259 2706 388 2746 postea
414 2715 435 2737 a
462 2715 518 2738 me
543 2703 778 2749 gravioribus
806 2703 918 2737 etiam
944 2702 1173 2747 argumentis
1198 2701 1424 2736 damnandos
1450 2700 1599 2735 interim

73 2760 204 2795 missos
234 2760 344 2796 facio.

208 2820 222 2840 ³
248 2819 367 2864 Quam
397 2821 472 2855 late
505 2824 634 2866 pateat
668 2821 895 2866 philtrorum
922 2820 1159 2866 significatio,
1200 2820 1371 2855 discimus
1399 2832 1443 2854 ex
1469 2817 1600 2853 Laevii
