1912 3310
1027 197 1092 231 106

298 308 396 361 quin
437 308 717 351 Alexandrina
755 310 886 362 poesis
918 310 1084 351 maximi
1115 310 1310 352 momenti
1344 311 1479 361 suerit,
1518 324 1598 353 non
1630 312 1714 353 iam
1744 312 1820 353 du-

299 375 524 417 bitandum.
576 398 628 404 ——
671 375 836 427 Contra,
887 378 933 418 ut
970 377 1021 418 ad
1057 377 1264 430 Euripidis
1303 377 1476 418 Aeolum
1513 378 1689 429 redeam,
1733 379 1821 420 illic

295 442 432 494 potius
459 442 638 484 incestae
668 443 851 484 libidinis
883 444 1012 497 origo,
1063 457 1144 497 qua
1174 444 1334 485 iuvenis
1364 445 1640 498 perfunditur,
1681 446 1821 499 paucis

296 508 468 550 fortasse
498 509 540 549 in
575 511 744 563 prologo
775 511 1010 563 significata
1041 523 1125 552 esse
1156 511 1331 561 videtur,
1364 512 1397 552 si
1422 504 1672 565 Antiphanis
1703 525 1823 565 paro-

296 575 426 629 diae1,
477 589 600 629 quam
633 576 779 618 Nauck
810 577 925 630 (Frg.
958 578 1081 631 Trag.
1112 591 1147 630 p.
1181 578 1233 618 29
1264 579 1341 631 sq.)
1371 578 1584 620 arcessivit
1614 578 1824 620 indicante

296 642 583 692 Valckenario,
612 644 654 684 in
687 644 763 684 hac
792 656 833 684 re
862 643 960 685 fides
990 645 1176 686 habenda
1209 646 1281 686 est.

428 709 504 751 Sed
539 710 621 751 scio
653 710 750 760 fore,
784 722 883 763 quos
917 724 1055 753 morae
1086 712 1263 760 taedeat,
1295 712 1389 753 dum
1424 712 1472 754 de
1500 712 1724 754 recentiore
1739 712 1823 754 tra-

294 776 440 828 goedia
471 776 706 830 disceptem,
747 790 868 830 quam
904 779 950 819 ut
982 779 1272 832 gravissimam
1305 779 1357 821 ad
1393 779 1632 821 excolendas
1663 779 1824 821 fabulas

296 844 519 885 amatorias
560 844 729 886 laudare
771 847 914 887 amant
928 848 955 886 ².
1016 846 1174 898 Negari
1206 847 1349 900 nequit
1379 847 1676 889 Alexandrinos
1706 859 1730 887 a
1762 858 1826 887 re-

296 910 473 951 centiore
498 912 713 964 tragoedia
744 912 876 954 multa
909 913 1142 961 didicisse33
1174 914 1242 954 sed
1274 915 1560 967 praeterquam
1594 913 1701 966 quod
1734 913 1827 953 nul-

295 978 375 1019 lius
398 978 635 1032 tragoediae
666 979 832 1021 titulive,
861 981 1014 1021 mentio
1049 982 1193 1030 exstat,
1224 981 1266 1021 in
1296 994 1420 1034 quam
1452 993 1525 1022 nos
1555 981 1740 1022 animum
1763 980 1828 1021 in-

295 1045 460 1086 tendere
506 1047 705 1099 oporteat,
752 1047 840 1099 ipsa
886 1047 1042 1089 incesta
1089 1047 1324 1089 fabularum
1372 1048 1567 1089 materia:
1614 1048 1827 1102 lymphata

295 1112 423 1154 libido
471 1113 783 1167 effeminateque
832 1114 1094 1163 debacchata,
1148 1128 1220 1156 nos
1260 1115 1385 1157 semel
1424 1116 1549 1168 atque
1585 1116 1735 1156 iterum
1776 1116 1828 1157 ad

295 1180 670 1221 Alexandrinorum
710 1183 896 1234 tempora
934 1183 1114 1223 revocat.
1168 1182 1228 1224 De
1259 1195 1434 1236 quorum
1464 1182 1689 1236 tragoediis
1720 1182 1829 1236 quod

295 1249 446 1289 scimus
497 1249 763 1301 nostramque
799 1248 1079 1301 quaestionem
1128 1250 1280 1302 tangit,
1327 1250 1390 1290 his
1430 1262 1625 1303 perquam
1657 1249 1829 1291 modicis

296 1315 446 1357 finibus
479 1314 835 1368 circumscriptum
869 1317 950 1357 est:
997 1315 1174 1358 Ovidius
1206 1318 1501 1358 commemorat
1532 1315 1710 1370 Scyllam
1743 1317 1829 1358 tra-

430 1451 440 1469 ¹
468 1450 659 1484 Macareus
693 1450 778 1484 vino
816 1450 1021 1485 inebriatus
1061 1449 1301 1495 (παραλαβών
1327 1463 1413 1485 ποτε
1449 1452 1454 1495 Ι
1490 1451 1590 1485 οἶνον
1616 1447 1829 1496 στρατηγόν)

295 1522 459 1544 sororem
486 1509 680 1554 oppressit,
721 1509 819 1552 quod
846 1509 1020 1554 Myrrhae
1054 1521 1112 1543 me
1145 1510 1342 1554 admonet,
1383 1522 1476 1554 quae
1515 1510 1715 1544 secundum
1743 1522 1831 1545 non-

296 1570 416 1603 nullos
444 1572 611 1603 auctores
640 1580 721 1603 cum
753 1569 854 1602 ebrio
886 1572 991 1612 patre
1021 1569 1237 1603 concubuit:
1265 1571 1321 1601 xa)
1349 1566 1540 1614 A11›52‘h'r‹>vmc
1567 1569 1668 1614 ἔρωτι
1694 1569 1830 1607 ξυιέἷδε

295 1631 418 1673 μέθην
444 1623 552 1669 ἄλλην
579 1628 784 1671 ἐπίκουρον,
809 1631 850 1661 ut
876 1627 1106 1671 Nieephorus
1133 1628 1155 1661 l.
1184 1629 1207 1661 l.
1235 1631 1364 1661 narrat
1391 1628 1452 1671 (cf.
1482 1640 1594 1672 supra
1617 1640 1653 1672 p.
1681 1629 1753 1672 80).

431 1688 443 1706 2
471 1686 523 1721 Cf.
550 1686 680 1720 Rohde
707 1687 730 1720 l.
758 1687 780 1720 l.
806 1698 841 1731 p.
867 1689 912 1720 35
939 1698 991 1730 sq.
1043 1686 1142 1721 Jahn
1161 1686 1271 1721 Arch.
1291 1686 1407 1721 Beitr.
1434 1698 1470 1731 p.
1489 1687 1558 1719 245
1577 1698 1629 1730 sq.
1680 1686 1831 1730 Dilthey

295 1745 364 1779 Rh.
392 1745 486 1779 Mus.
514 1745 617 1779 XXV
642 1756 678 1790 p.
710 1747 786 1779 155.
819 1747 896 1779 157.

429 1804 442 1824 ³
471 1804 540 1848 Qui
569 1805 828 1838 Chaeremonis
855 1804 1065 1849 fragmenta
1091 1816 1111 1838 a
1137 1804 1333 1839 Bartschio
1360 1804 1419 1844 (de
1438 1803 1686 1838 Chaeremone
1704 1803 1831 1848 poeta)

296 1864 484 1899 illustrata
510 1876 672 1908 unquam
692 1865 882 1908 tractavit,
908 1865 988 1907 scit,
1009 1876 1116 1908 quam
1137 1864 1348 1908 propinqua
1368 1864 1588 1909 cognatione
1604 1863 1831 1898 Chaeremon

296 1923 567 1957 Alexandrinos
600 1926 740 1967 poetas,
780 1924 912 1967 quibus
954 1924 1015 1957 ille
1055 1924 1206 1957 minime
1248 1923 1397 1967 ignotus
1436 1922 1510 1956 fuit
1549 1922 1610 1965 (cf.
1638 1922 1678 1955 B.
1718 1933 1753 1966 p.
1783 1921 1831 1965 9),

296 1983 476 2027 attigerit.
528 1983 571 2016 In
603 1983 734 2017 duobis
766 1984 840 2017 illis
867 1984 1068 2017 maioribus
1106 1983 1340 2028 fragmentiS,
1383 1993 1477 2026 quae
1502 1981 1714 2015 Athenaeus
1742 1980 1831 2014 XIII

296 2054 330 2085 p.
359 2043 427 2075 608
455 2041 483 2075 Β
511 2045 547 2076 et
573 2042 605 2076 D
633 2043 795 2076 servavit
822 2042 883 2079 (cf.
911 2042 1038 2076 Nauck
1064 2043 1086 2076 l.
1114 2043 1136 2076 l.
1164 2054 1198 2086 p.
1226 2043 1305 2076 606.
1335 2042 1431 2085 610),
1469 2052 1594 2075 omnes
1624 2039 1830 2074 formarum

297 2101 532 2134 muliebrium
559 2113 709 2135 veneres
748 2113 790 2135 ac
829 2102 1012 2136 lenocinia
1052 2101 1187 2135 vividis
1230 2101 1416 2135 coloribus
1460 2099 1729 2144 depinguntur,
1766 2098 1830 2142 qui

295 2171 411 2204 paene
438 2172 458 2194 a
484 2161 690 2204 pictoribus
717 2161 855 2204 sumpti
883 2173 958 2194 esse
985 2161 1159 2195 videntur
1187 2160 1345 2205 argutiis
1373 2159 1588 2193 facetissimi
1611 2158 1697 2192 salis
1715 2157 1830 2192 inter-

295 2219 417 2253 textis
471 2220 643 2253 Colorum
669 2220 869 2265 pigmentis
897 2220 1065 2264 impertit
1092 2220 1153 2253 ille
1179 2220 1340 2254 orationi
1365 2218 1556 2253 facticium
1583 2217 1769 2261 quendam
1795 2219 1832 2251 et

297 2278 461 2313 fucatum
486 2279 732 2322 splendorem,
760 2279 857 2322 quod
884 2278 1041 2313 Bartsch
1070 2280 1118 2322 (p.
1138 2280 1196 2321 31)
1225 2290 1267 2312 ex
1295 2277 1457 2312 novandi
1486 2276 1608 2311 studio
1636 2276 1691 2309 illi
1718 2275 1833 2309 aetati

296 2338 447 2381 proprio
472 2338 715 2382 repetendum
744 2349 819 2371 esse
847 2341 970 2372 censet
1001 2338 1136 2371 similia
1170 2338 1207 2371 in
1235 2337 1450 2381 aequalibus
1477 2336 1662 2380 detegens.
1715 2333 1830 2379 Frag-

295 2399 420 2430 menta
444 2400 567 2430 autem
595 2397 642 2431 ad
669 2397 809 2441 epicam
836 2397 960 2441 potius
988 2408 1098 2440 quam
1125 2396 1171 2430 ad
1200 2396 1444 2430 dramaticam
1469 2395 1653 2429 rationem
1689 2404 1828 2428 accom-

296 2455 446 2489 modata
472 2459 557 2489 sunt
584 2456 641 2499 (cf.
670 2456 710 2489 B.
738 2468 772 2500 p.
791 2457 863 2499 28).
904 2456 1072 2499 Denique
1098 2455 1338 2489 Aristotelem
1366 2454 1451 2488 audi
1480 2453 1588 2488 Rhet.
1614 2452 1678 2496 ΙΙΙ,
1709 2453 1762 2485 12.
1790 2452 1850 2489 2ε,

296 2510 530 2556 βαστάζοιηαι
559 2514 599 2548 δὲ
628 2516 661 2547 οἵ
685 2512 963 2558 (ἔναγιιιιωτικοί,
1000 2511 1078 2549 οἷον
1107 2511 1320 2559 Χαιρήμων.
1363 2510 1545 2556 ἀκριβὴς
1571 2510 1653 2556 γὰρ
1681 2508 1830 2553 ὥσπερ

298 2570 586 2617 λογογράφος
624 2573 684 2617 (cf.
711 2573 883 2607 W'elcker
908 2574 932 2607 l.
961 2574 983 2607 l.
1010 2586 1044 2618 p.
1075 2575 1164 2607 1082
1192 2573 1272 2618 sq).
1301 2592 1340 2596 —
1371 2572 1451 2607 Uno
1486 2571 1652 2615 exemplo
1680 2570 1828 2603 demon-

297 2630 434 2670 strabo,
476 2643 547 2674 quo
579 2632 660 2666 iure
688 2632 918 2667 Chaeremon
948 2633 991 2666 iis
1019 2633 1233 2667 auctoribus
1262 2632 1538 2674 adnumeretur,
1577 2629 1640 2674 qui
1670 2628 1757 2662 inde
1782 2628 1828 2662 ab

296 2689 477 2733 Euripide
504 2690 597 2723 alius
618 2691 710 2724 alius
730 2692 899 2736 vestigiis
918 2692 1135 2726 institerint.
1170 2691 1265 2725 Nam
1285 2690 1504 2735 Euripidem
1524 2689 1681 2724 Penthei
1698 2700 1829 2723 nomen

297 2748 508 2782 derivatum
535 2761 555 2782 a
589 2752 726 2786 πένθος
759 2751 996 2785 denotantem
1037 2751 1182 2794 (Bacch.
1211 2750 1290 2784 367.
1318 2751 1401 2793 508)
1440 2750 1494 2784 ita
1528 2749 1700 2793 deinceps
1733 2747 1828 2782 exci-

296 2807 422 2851 piunt:
467 2806 693 2842 Chaeremon
728 2809 798 2854 frg.
826 2811 848 2843 4
876 2809 919 2844 N.
972 2809 1157 2844 Theocrit.
1185 2808 1318 2853 XXVI,
1357 2810 1412 2843 26.
1463 2807 1618 2853 Oppia-n.
1653 2806 1740 2851 Cyn.
1766 2805 1829 2850 IV,
1891 2821 1894 2823 Α

298 2866 376 2900 305.
419 2865 539 2900 Nonn.
566 2866 717 2912 Dionys.
745 2869 876 2914 XLVI,
905 2872 960 2905 73.

1869 3143 1901 3310 {iamsi-³¹5.
1898 3110 1903 3118 ,
1911 3058 1912 3066 ᾼ
