1912 3310
1003 191 1067 225 124

273 304 363 345 tum
393 316 477 346 esse
510 303 565 358 (v.
597 305 725 357 306)?
785 304 978 346 Picturae
1009 304 1240 346 recordatio
1271 306 1452 356 subest'3
1497 308 1566 350 sed
1595 309 1704 352 inter
1736 311 1799 352 tot

274 371 396 412 huius
440 384 610 412 scaenae
651 371 954 425 descriptiones,
1003 384 1239 425 quanquam
1271 372 1376 414 mira
1406 375 1574 416 vectura
1605 388 1699 418 cum
1727 390 1798 419 na-

273 438 376 491 vigii
407 451 526 479 cursu
557 438 763 480 interdum
796 439 1058 492 comparatur
1075 439 1103 488 2,
1151 451 1276 479 unum
1309 439 1466 481 Moschi
1493 441 1629 483 locum
1661 444 1800 486 nostro

272 505 394 558 plane
424 506 663 558 respondere
684 506 814 560 video,
844 506 914 546 ubi
930 505 1090 558 Europa
1124 505 1369 548 mirabunda
1401 506 1503 548 dicit
1533 507 1593 549 Id.
1611 509 1666 560 ΙΙ,
1700 510 1799 551 143:

272 571 394 627 χηλαὶ
424 571 470 613 δέ
506 570 574 612 τοί
612 568 719 613 εἰσιν
751 568 918 625 ἐρετμά.
975 596 1020 601 -
1074 572 1212 614 Lunae
1261 573 1490 626 exemplum
1528 575 1712 618 ardentis
1757 577 1800 617 in

273 639 527 693 Endymione
558 641 611 689 (v.
644 640 724 680 309
756 640 846 693 sq.)‚
872 652 976 693 quae
1001 638 1120 681 fratri
1146 639 1300 682 nitidos
1332 652 1474 682 currus
1505 641 1628 684 aliter
1656 655 1801 697 regen-

274 706 345 747 dos
376 705 460 756 dat,
514 707 559 746 ut
594 706 732 747 noctes
768 717 886 746 suum
917 706 1078 758 tempus
1109 719 1156 747 ne
1186 706 1366 758 teneant,
1413 720 1433 749 e
1462 708 1674 750 recondita
1706 708 1802 751 doc-

274 773 383 814 trina
429 772 621 814 haustum
669 785 752 814 esse
797 772 972 820 videtur,
1028 773 1142 814 cuius
1189 773 1333 814 vellem
1381 775 1666 816 testimonium
1708 788 1802 829 pro-

273 839 377 881 ferre
407 852 533 892 posse.
591 840 705 881 Artis
735 839 1128 893 repraesentationes
1160 841 1421 893 quaerentem
1455 841 1715 883 destituent-⁵¹.
1748 866 1800 871 —

275 906 388 958 Quae
421 908 558 949 omnia
589 920 660 960 pro
693 906 866 949 Senecae
904 907 1038 948 aetate
1076 907 1115 948 et
1146 907 1311 960 ingenio
1343 908 1619 961 exquisitioris
1650 908 1803 951 doctri-

276 987 351 1016 nae
381 975 489 1015 sunt.

410 1041 595 1094 Denique
637 1042 854 1094 postquam
905 1042 1081 1094 exposui,
1132 1042 1335 1095 quantum
1372 1042 1615 1096 Euripidaae
1645 1043 1804 1098 Hippo-

274 1108 350 1162 lyti
382 1108 546 1149 fabulae
588 1108 696 1161 apud
735 1108 953 1161 scriptores
991 1108 1164 1149 eroticos
1202 1108 1428 1163 valuerint,
1477 1109 1520 1150 in
1568 1111 1805 1152 universum

275 1175 570 1216 ratiocinantes
617 1187 665 1215 ne
708 1175 988 1228 neglegamus,
1036 1188 1158 1228 quam
1207 1176 1449 1218 conveniens
1491 1178 1531 1218 et
1575 1179 1804 1231 opportuna

275 1243 362 1296 ipsa
407 1242 569 1284 fabulae
607 1244 756 1284 natura
794 1242 1084 1284 Alexandrinis
1125 1242 1272 1291 fuerit;
1323 1256 1414 1284 cum
1463 1244 1697 1297 saepissime
1744 1244 1805 1286 illi

277 1310 469 1351 iuvenum
516 1311 577 1351 vel
625 1310 854 1363 puellarum
904 1310 989 1352 fata
1036 1310 1284 1352 illustranda
1316 1311 1391 1352 sibi
1422 1314 1705 1366 proponerent,
1735 1313 1806 1367 qui

278 1377 475 1418 Venerem
509 1377 689 1419 atrocius
721 1378 927 1430 aspernati
972 1378 1108 1419 castae
1144 1378 1267 1419 simul
1299 1378 1457 1419 Dianae
1496 1391 1536 1419 se
1570 1378 1806 1422 addicerent

275 1443 344 1497 (cf.
375 1444 541 1498 Dilthey
572 1444 598 1485 l.
630 1445 658 1486 l.
688 1458 724 1498 p.
756 1446 822 1485 43.
854 1445 928 1496 1)4.
967 1445 1126 1498 Itaque,
1158 1445 1191 1485 si
1222 1444 1392 1498 aliquid,
1423 1445 1526 1486 illud
1556 1445 1740 1497 mirarer,
1771 1447 1806 1488 si

277 1511 404 1564 ipsius
436 1511 652 1565 Hippolyti
699 1512 851 1553 malam
901 1511 1110 1553 fortunam
1156 1524 1366 1564 nunquam
1399 1513 1578 1554 carmine
1609 1513 1805 1555 celebras·

275 1579 402 1621 sent5.

415 1739 424 1758 ¹
454 1737 505 1771 Cf.
533 1737 640 1771 Helb.
668 1737 690 1771 1.
718 1737 740 1770 1.
768 1748 802 1781 p.
832 1738 910 1772 225.
962 1737 1061 1772 Jahn
1085 1737 1238 1782 Europa
1265 1737 1530 1780 (Denkschrift.
1549 1737 1582 1772 d.
1603 1736 1690 1773 hist.
1715 1739 1807 1784 phil.

277 1796 399 1830 Classe
428 1796 460 1830 d.
489 1796 608 1830 Wien.
635 1796 754 1830 Akad.
783 1796 863 1830 Vol.
891 1796 1030 1841 XIX)p.
1062 1799 1103 1830 14
1130 1808 1184 1840 sq.

411 1855 424 1875 9-
453 1854 506 1888 Cf.
532 1855 668 1889 Acliill.
688 1854 768 1889 Tat.
788 1855 815 1897 I7
848 1857 876 1889 1.
912 1856 1030 1890 Noun.
1059 1856 1209 1900 Dionys.
1230 1855 1256 1899 I,
1284 1857 1327 1890 65
1344 1868 1396 1900 sq.
1429 1856 1567 1890 Mosch.
1587 1856 1640 1890 Id.
1660 1857 1706 1900 II,
1729 1858 1805 1891 130.

411 1913 424 1932 ‘³
456 1913 751 1958 Descriptionem
763 1914 932 1949 Herculis
951 1915 1103 1949 servitio
1123 1915 1221 1959 apud
1234 1914 1439 1959 Omphalen
1459 1915 1675 1959 effeminati,
1695 1927 1807 1960 quam

276 1974 470 2015 sequentes
502 1984 628 2006 versus
656 1972 844 2016 exhibent,
875 1973 970 2007 miro
1005 1973 1114 2007 modo
1151 1985 1231 2007 cum
1266 1974 1413 2017 pictura
1446 1973 1673 2017 Pompeiana
1699 1974 1806 2010 Helb.

274 2042 331 2064 no.
362 2032 453 2064 1140
477 2042 681 2075 congruere
706 2031 803 2065 Jahn
837 2032 976 2065 dudum
1012 2032 1276 2066 animadvertit
1315 2032 1493 2071 (Bericht.
1520 2032 1554 2065 d.
1585 2032 1700 2067 sachs.
1726 2033 1808 2068 Ges.

275 2089 309 2123 (1.
338 2089 444 2123 Wiss.
476 2091 566 2124 1855
596 2102 630 2134 p.
651 2091 720 2124 222
739 2102 807 2135 sq.;
833 2091 879 2125 cf.
907 2091 1043 2136 Helbig
1071 2091 1093 2124 1.
1120 2091 1143 2125 1.
1170 2102 1205 2135 p.
1228 2092 1319 2133 113).
1364 2090 1583 2135 Quanquam
1608 2091 1700 2125 trita
1718 2091 1808 2127 haec

276 2160 332 2182 res
359 2148 498 2183 Romae
523 2153 612 2183 erat.

409 2211 422 2230 4
448 2208 697 2243 Habrocomes
723 2209 865 2243 iuvenis
891 2209 1026 2243 litteris
1052 2209 1191 2244 tinctus
1219 2209 1460 2252 eruditusque
1482 2208 1631 2253 optimis
1649 2209 1807 2249 artibus,

275 2267 437 2300 venandi
462 2271 655 2311 praeterea
674 2268 870 2312 studiosus,
897 2269 1072 2302 Amorem
1087 2268 1226 2312 spernit
1246 2272 1282 2301 et
1299 2267 1455 2312 despicit
1471 2267 1653 2312 (Xenoph.
1671 2268 1806 2312 Ephes.

276 2326 303 2365 I,
334 2328 383 2366 lj:
426 2328 456 2359 εἰ
480 2326 525 2360 δέ
547 2339 618 2359 που
643 2325 744 2371 ἱερὸν
778 2323 795 2368 ἢ
828 2322 976 2372 ἄγαλμα
1001 2323 1162 2370 ’Ἑρωτος
1188 2326 1271 2370 fide,
1298 2328 1482 2371 κατεγέλα.
1533 2326 1591 2361 Sic
1616 2326 1808 2371 Euripidis

275 2385 499 2429 Hippolytus
525 2385 679 2420 Veneris
706 2389 866 2420 statuam
894 2386 1064 2420 venerari
1090 2389 1236 2420 recusat
1263 2398 1298 2419 v.
1325 2386 1369 2419 88
1396 2397 1448 2429 sq.

411 2446 424 2463 ⁵
450 2444 521 2479 Hic
547 2443 727 2479 adnotare
755 2446 962 2488 conveniat,
1002 2457 1047 2479 ne
1080 2444 1298 2489 imperfecta
1324 2444 1560 2488 relinquatur
1592 2443 1809 2488 disputatio,

276 2502 482 2536 Lucianum
521 2503 559 2537 in
601 2503 725 2548 Ocypo
770 2504 963 2548 Euripidis
1002 2504 1243 2548 Hippolytum
1279 2503 1459 2538 Venerem
1499 2504 1732 2536 aversantem
1771 2505 1809 2537 et

276 2561 483 2595 Phaedram
507 2562 678 2596 morbum
705 2563 953 2597 occultantem
979 2563 1026 2597 ad
1051 2563 1250 2596 ridiculum
1270 2565 1531 2607 argumentum
1550 2561 1667 2595 libere
1687 2561 1807 2596 detor-

279 2631 402 2664 quere.
430 2641 472 2645 —
500 2621 616 2655 Primi
643 2621 789 2666 prologi
816 2633 954 2662 versus,
989 2621 1025 2655 in
1057 2621 1190 2665 quibus
1216 2621 1383 2666 podagra
1409 2620 1478 2654 dea
1503 2619 1548 2654 de
1574 2620 1717 2664 ingenti
1744 2631 1809 2654 sua

277 2679 376 2722 apud
401 2679 566 2714 homines
593 2683 779 2724 potestate
805 2680 1010 2724 praefatur,
1036 2691 1187 2724 prorsus
1214 2678 1329 2713 efficti
1356 2690 1400 2713 ex
1419 2678 1632 2722 Euripideis
1660 2691 1693 2712 v.
1718 2680 1804 2722 lsq.

279 2736 357 2771 Dea
383 2737 515 2771 deinde
541 2738 705 2772 convicio
733 2738 887 2772 denotat
915 2737 1079 2782 Oeypum
1106 2738 1162 2771 sui
1189 2738 1379 2772 irrisorem
1405 2748 1439 2771 v,
1459 2737 1503 2769 24
1522 2748 1586 2780 sq.‚
1626 2738 1668 2770 ut
1685 2735 1809 2769 Venus

278 2795 523 2840 Hippolytum
551 2796 747 2830 simillimis
773 2797 939 2832 versibus
971 2798 1014 2830 10
1040 2799 1077 2831 et
1107 2797 1159 2830 13.
1224 2796 1469 2841 Prologorum
1497 2794 1682 2829 clausulae
1716 2794 1806 2828 item

278 2859 488 2900 congruunt
513 2854 615 2899 (Luc.
647 2857 692 2889 33
719 2867 770 2899 sq.
813 2855 902 2889 Eur.
931 2856 971 2889 51
994 2856 1070 2899 sq.).
1110 2875 1148 2879 —
1182 2854 1327 2899 Ocypus
1353 2854 1610 2899 paedagogum
1632 2851 1806 2901 morbum
