1912 3310
818 175 862 208 25

81 295 245 338 prorsus
272 296 430 326 necesse
463 288 523 326 est
555 286 604 327 ad
637 298 762 327 unum
796 287 975 340 quidque
1005 288 1250 342 singillatim
1285 290 1444 343 referre,
1491 289 1598 343 quod

81 363 129 393 ex
173 362 398 404 paucorum
443 352 771 405 fragmentorum
820 355 1125 407 comparatione
1175 356 1360 398 universe
1404 356 1595 410 emergit:

80 417 330 471 Euripidem,
363 429 455 458 cum
487 420 620 460 totam
650 420 834 461 fabulam
865 422 1120 472 retractaret,
1161 435 1240 464 non
1269 424 1433 464 tantum
1465 436 1600 465 emen-

80 485 195 527 daret
226 497 274 526 ac
303 485 536 538 perpoliret‚
568 486 691 527 etiam
723 487 765 527 in
796 488 998 530 similibus
1029 489 1092 530 his
1121 491 1289 539 scaenis,
1330 502 1420 531 cum
1452 491 1599 543 quibus

79 552 315 605 fragmenta
359 552 707 605 comparationem
745 554 985 605 admittunt,
1033 556 1115 597 alia
1160 556 1332 597 alteram
1381 556 1600 597 editionem

80 619 211 661 forma
243 618 436 660 induisse.
479 618 706 672 Componas
737 621 857 662 modo
888 621 966 674 frg.
998 623 1078 663 442
1110 624 1247 676 aperte
1278 636 1322 664 ex
1342 623 1484 664 Thesei
1507 635 1598 664 cum

81 686 165 728 filio
197 685 465 728 altercatione
506 687 715 739 sumptum
762 700 852 728 011111
891 689 1073 730 Versibus
1106 689 1331 732 Coroniferi
1362 691 1441 731 925
1473 703 1530 744 sq.
1560 690 1599 731 et

81 790 209 822 amant
234 789 413 831 repetere,
446 785 564 831 ‘quod
591 787 818 822 fastidiosius
845 792 951 823 antea
977 790 1053 834 ipse
1080 791 1260 834 spreverit
1290 791 1501 826 adulescens
1526 792 1599 825 vir-

80 857 173 891 gove
193 848 358 880 amantes
377 849 487 890 atque
508 846 697 890 Cupidinis
712 847 935 892 Venerisque
955 852 1177 892 potestatem
1196 848 1374 893 eluserit'‚
1393 854 1435 884 ut
1451 851 1601 894 Dilthey

81 905 127 939 de
151 903 240 939 Call.
268 904 355 949 Cyd.
381 917 415 949 p.
444 906 489 939 43
516 905 789 940 animadvertit.
839 907 968 950 Itaque
994 907 1210 952 Propertius
1236 909 1397 952 primum
1424 909 1600 952 Cynthiae

80 963 206 998 laudes
249 975 383 998 canens
425 964 478 998 ita
521 964 552 1007 I,
597 967 626 998 1.
667 966 704 998 3:
755 964 853 999 ‘tum
904 966 995 1000 mihi
1043 968 1244 1002 constantis
1289 968 1420 1003 deiecit
1462 969 1602 1003 lumina

81 1019 205 1056 fastus'
235 1021 298 1065 (cf.
330 1021 358 1065 I,
386 1022 417 1055 7.
441 1023 486 1055 25
515 1022 583 1066 sq.)
611 1026 647 1056 et
674 1022 818 1057 Racinii
843 1023 1011 1058 Phaedra
1038 1025 1209 1059 insolenti
1250 1025 1345 1060 fastu
1386 1038 1601 1071 quocunque

79 1081 188 1115 modo
214 1083 338 1125 potest
364 1081 402 1114 in
427 1081 643 1126 privignum
669 1082 797 1116 saevit.
833 1086 1028 1126 antequam
1055 1095 1217 1118 amorem
1243 1084 1416 1118 fateatur.
1466 1085 1600 1119 Heine:

79 1138 151 1174 ‘Sie
179 1139 289 1174 sahen
333 1139 410 1174 sich
450 1152 497 1174 an
539 1152 577 1174 so
616 1140 805 1184 feindlich3
844 1142 918 1176 und
960 1143 1109 1176 wollten
1149 1155 1216 1177 vor
1255 1143 1367 1178 Liebe
1409 1141 1601 1189 vergehn‘.

80 1198 220 1234 Goethe
247 1198 474 1243 (Gretchen):
513 1198 617 1234 ‘Und
644 1203 771 1245 segnet
797 1201 894 1234 mich
921 1201 995 1234 und
1024 1201 1105 1235 that
1132 1213 1169 1235 so
1193 1213 1308 1247 gross,
1337 1203 1411 1237 und
1437 1203 1501 1236 bin
1526 1214 1602 1236 nun

79 1258 193 1293 selbst
218 1257 286 1292 der
311 1256 433 1292 Siinde
458 1255 580 1293 bloss‘.
633 1258 703 1293 Sed
720 1259 801 1303 plus
821 1260 930 1294 etiam
951 1260 1064 1302 abest,
1096 1264 1137 1294 ut
1157 1273 1282 1296 versus
1303 1261 1475 1296 Ovidiani
1495 1263 1514 1295 7
1531 1273 1600 1305 sq.:

272 1321 335 1354 ,ter
361 1321 482 1352 tecum
509 1321 640 1353 conata
666 1318 780 1362 loqui,
810 1322 866 1352 ter
893 1319 1034 1352 inutilis
1060 1319 1177 1354 haesit

345 1377 484 1422 lingua,
510 1379 568 1411 ter
597 1377 634 1410 in
660 1377 780 1421 primo
807 1377 951 1411 destitit
978 1390 1039 1412 ore
1066 1389 1174 1412 sonus

79 1446 137 1469 me
161 1435 493 1470 commonefaciant
511 1436 626 1469 trium
643 1436 825 1480 graduum
850 1436 1108 1480 distinctionis,
1131 1437 1262 1480 quibus
1280 1438 1422 1482 tragica
1438 1437 1603 1472 Phaedra

80 1506 114 1528 v.
142 1494 210 1527 392
237 1505 289 1538 sq.
317 1497 448 1529 conata
473 1494 521 1528 sit
551 1506 717 1529 coercere
743 1507 915 1537 amorem,
949 1508 993 1529 ne
1020 1496 1231 1541 detegatur3
1271 1508 1353 1531 cum
1381 1497 1452 1530 alia
1479 1495 1603 1531 Ovidii

81 1553 249 1597 exempla
285 1553 445 1597 probent
480 1556 633 1598 propter
667 1565 862 1588 numerum
894 1555 1097 1588 ternarium
1127 1555 1219 1589 nihil
1246 1555 1427 1589 reconditi
1456 1555 1603 1599 anquiri

81 1611 227 1646 debere.
298 1611 350 1646 Cf.
388 1612 476 1646 Met.
516 1612 586 1656 XI,
626 1613 710 1646 419:
761 1610 836 1646 ‘ter
883 1616 1013 1647 conata
1065 1613 1182 1657 loqui.
1236 1616 1293 1648 ter
1338 1613 1485 1647 fletibus
1538 1624 1603 1648 ora

79 1667 246 1715 rigavit‘.
295 1670 480 1705 Nimirum
514 1671 583 1706 hoc
615 1683 766 1705 numero
800 1672 938 1715 impare
979 1675 1088 1716 poeta
1121 1672 1259 1716 gaudet
1297 1671 1357 1713 (cf.
1384 1673 1510 1705 Amor.
1536 1672 1600 1713 III,

80 1730 111 1763 6.
138 1730 194 1763 69.
243 1729 332 1764 Her.
358 1730 456 1774 XIV,
480 1731 534 1764 45.
584 1730 671 1764 Met.
699 1730 745 1773 II,
774 1731 851 1764 270.
895 1730 939 1772 X,
968 1732 1046 1763 452.
1093 1730 1187 1773 XIV,
1214 1730 1294 1771 387)
1338 1731 1602 1774 praeeuntibus

79 1788 342 1822 Alexandrinis
369 1787 427 1833 (cf.
449 1788 572 1832 Apoll.
600 1788 718 1822 Rhod.
746 1790 831 1833 Arg.
861 1789 924 1827 ΙΙΙ,
954 1789 1032 1822 654.
1079 1788 1291 1823 Callimaeh.
1320 1788 1439 1832 hymn.
1473 1789 1496 1822 i.
1524 1788 1602 1822 Cer.

50 1872 52 1875 v
84 1847 138 1881 13.
168 1848 220 1881 15.
247 1847 320 1893 frg.
351 1848 414 1881 189
442 1847 538 1883 Schn
554 1848 578 1891 ).
629 1848 752 1882 Altius
780 1848 849 1882 hoc
874 1848 991 1892 repeti
1018 1851 1156 1892 potest,
1185 1848 1366 1882 Pindarus
1390 1848 1486 1882 enim
1511 1859 1601 1892 pau-

80 1918 208 1942 corum
235 1908 432 1942 verborum
458 1908 820 1954 argumentationem
843 1907 1051 1953 significans
1075 1907 1188 1941 canit:
1217 1911 1294 1951 τρία
1314 1908 1402 1940 ἔπεα
1422 1907 1600 1950 διαρκέσει

79 1966 199 2010 (Nem.
224 1966 305 2011 Vll,
331 1968 387 2001 48.
414 1967 483 2011 70).
540 1967 801 2011 Aristophanis
833 1966 1094 2010 Pheidippides
1130 1966 1306 1999 baronem
1339 1977 1375 1999 se
1401 1965 1513 1999 fuisse
1549 1965 1601 1998 in-

81 2025 204 2070 dicat:
247 2022 324 2060 οὐδ’
364 2021 411 2060 c'z'v
443 2025 511 2070 τρί’
552 2028 668 2059 εἰπεῖν
704 2022 842 2071 ῥήμαθ’
883 2021 956 2062 οἰός
986 2024 1015 2058 τ’
1048 2019 1092 2067 ἦν
1125 2027 1211 2068 πρὶν
1243 2025 1453 2070 ἐξαιιιαρτεΐν
1495 2023 1602 2067 (Nub.

82 2084 206 2129 1402);
256 2085 354 2119 unde
393 2084 569 2119 Latinum
613 2085 852 2129 proverbium
897 2087 1036 2117 ortum:
1059 2113 1061 2115 ,
1082 2084 1155 2118 tria
1194 2083 1306 2117 verba
1354 2094 1427 2117 non
1481 2084 1604 2126 potest

80 2143 234 2188 iungere
262 2143 358 2188 (Sen.
384 2144 454 2189 Ep.
480 2145 536 2178 40.
564 2145 593 2177 9.
637 2143 690 2178 Cf.
715 2144 866 2188 Apocol.
895 2145 948 2176 11.
977 2143 1007 2175 3.
1045 2142 1206 2176 Martial.
1235 2141 1294 2183 VI,
1323 2142 1376 2174 54.
1403 2140 1449 2184 2).
1495 2140 1602 2174 Euri-

79 2201 199 2246 pides:
227 2206 318 2247 τρεῖς
343 2204 435 2236 εἰσὶν
460 2200 586 2247 ἀρεταί
608 2202 694 2247 (frg.
722 2204 801 2240 219,
829 2201 875 2236 cf.
903 2201 974 2247 frg.
1003 2202 1095 2244 287).
1149 2200 1319 2234 Schiller:
1346 2198 1447 2233 ‘Drei
1474 2198 1602 2232 Worte

79 2260 188 2294 nenn’
213 2261 273 2296 ich
299 2261 391 2296 euch
415 2259 717 2296 inhaltsschwer'.
769 2261 908 2296 Eodem
941 2261 1130 2305 pertinent
1161 2264 1234 2294 tres
1262 2258 1447 2303 Propertii
1474 2258 1601 2300 libelli,

84 2330 175 2363 quos
200 2320 239 2354 in
261 2331 398 2365 pompa
424 2321 680 2365 Persephonae
706 2321 801 2355 dona
829 2320 953 2354 afferri
981 2320 1061 2354 vult
1086 2318 1164 2363 (111,
1193 2319 1245 2352 13.
1273 2319 1318 2350 25
1347 2316 1414 2360 H).
1461 2315 1514 2350 De
1541 2327 1602 2350 vo-

83 2378 186 2412 cibus
221 2382 418 2425 τρίςμακαρ
451 2383 487 2414 et
519 2379 698 2413 similibus
737 2379 784 2413 cf.
813 2379 908 2413 Suet.
937 2379 994 2413 ed.
1021 2377 1234 2412 Reiffersch.
1266 2376 1335 2420 frg.
1369 2376 1431 2408 175
1460 2386 1494 2419 p.
1524 2374 1603 2407 455.

80 2436 217 2472 Notum
244 2440 366 2472 autem
394 2441 449 2472 est
472 2450 667 2472 numerum
693 2439 896 2472 ternarium
922 2439 1057 2471 τέλειον
1082 2436 1194 2470 fuisse
1219 2435 1280 2479 (cf.
1307 2434 1424 2468 Schol.
1451 2433 1603 2467 Theocr.

80 2497 128 2541 ΙΙ,
159 2498 218 2530 43.
257 2496 300 2541 V,
327 2498 378 2530 18.
405 2498 461 2530 30.
519 2497 618 2531 Jahn
645 2497 756 2531 Arch.
791 2497 966 2540 Beitrage
990 2507 1024 2539 p.
1053 2495 1145 2535 125).
1175 2514 1215 2518 —
1245 2493 1411 2536 Denique
1438 2492 1500 2526 vix
1537 2494 1603 2534 est,

80 2555 179 2600 quod
213 2567 384 2591 moneam
417 2554 636 2590 Ovidianam
669 2556 829 2600 puellam
864 2555 902 2588 in
931 2555 1067 2588 scelera
1093 2553 1222 2596 utique
1247 2562 1402 2596 pronam
1429 2561 1515 2592 esse,
1542 2549 1603 2594 qui

81 2624 200 2647 mores
227 2612 417 2648 Phaedrae
443 2614 481 2648 in
507 2618 652 2648 servata
680 2614 806 2647 fabula
833 2624 906 2647 non
933 2616 1033 2655 sunt3
1059 2611 1152 2645 nihil
1178 2611 1240 2644 illa
1266 2610 1311 2644 de
1337 2609 1463 2643 futura
1486 2610 1603 2642 morte

79 2671 318 2716 vaticinatur,
344 2676 390 2706 ut
414 2673 580 2717 reliquae
605 2672 779 2707 heroinae
806 2671 863 2706 (cf.
892 2671 1052 2714 Dilthey.
1079 2671 1101 2703 l.
1119 2670 1145 2702 l.
1167 2681 1201 2713 p.
1221 2669 1313 2713 117).
1364 2667 1468 2710 Quod
1485 2667 1602 2711 priori

81 2729 272 2764 Phaedrae
297 2742 448 2775 prorsus
476 2731 794 2766 accommodatum
821 2733 885 2770 est,
926 2730 1062 2774 quippe
1099 2739 1191 2772 quae
1217 2727 1262 2761 ad
1288 2726 1494 2761 satiandam
1520 2725 1602 2759 libi-

80 2788 204 2824 dinem
234 2789 341 2824 unice
374 2791 650 2835 promptissima
679 2790 724 2823 de
755 2792 874 2823 morte
899 2788 1062 2822 nondum
1089 2787 1243 2832 cogitet,
1282 2786 1456 2820 abhorret
1483 2784 1526 2819 ab
1553 2784 1603 2818 al-

78 2849 161 2883 tera
183 2848 432 2885 moderatiore
457 2853 614 2885 mortem
640 2859 783 2894 semper
808 2848 847 2883 in
874 2858 935 2881 ore
961 2846 1129 2881 habente.
