1912 3310
1020 182 1064 217 18

281 296 470 337 sanatum
500 295 550 335 iri
583 295 807 344 affirmant,
840 308 969 348 neque
1000 296 1174 348 denique
1206 295 1336 336 ullum
1367 295 1409 336 id
1433 307 1561 348 genus
1581 296 1804 338 remedium

277 364 454 403 exstare:
486 362 688 403 Theocrit.
720 362 780 402 Id.
812 362 922 416 XIV,
954 364 1019 403 52.
1062 362 1222 403 Heliod.
1255 362 1374 403 Aeth.
1403 361 1475 414 IV,
1504 363 1540 403 7.
1593 362 1805 405 Chariton.

275 429 460 481 Aphrod.
494 429 561 482 VI,
594 430 630 471 3.
666 430 700 471 7.
749 429 902 470 Tibull.
934 430 987 482 II,
1020 430 1057 470 3.
1091 430 1141 470 13
1175 442 1232 482 sq.
1273 428 1391 470 Ovid.
1424 429 1522 470 Her.
1554 430 1602 480 V,
1637 430 1715 471 149
1746 443 1805 483 sq.

277 495 375 536 Met.
400 495 430 545 Ι,
454 496 534 536 523
557 509 615 549 sq.
649 520 702 525 —
731 496 859 536 Plura
881 497 1018 537 31110111
1035 496 1078 536 in
1099 496 1278 537 Morrhei
1309 496 1580 549 descriptione
1610 496 1808 538 desiderio

278 562 574 603 Chalcomedae
605 562 821 615 flagrantis
854 562 1005 613 (Nonn.
1032 563 1199 616 Dionys.
1220 561 1413 613 XXXIV,
1445 563 1464 603 1
1489 562 1566 616 sq.)
1598 563 1808 605 Phaedrae

216 676 226 680 μ
279 630 520 670 memoriam
552 629 742 670 afferunt.
803 628 910 670 Nam
943 630 1169 679 Morrheus,
1204 642 1322 682 quern
1355 630 1475 682 poeta
1507 629 1555 670 de
1588 629 1716 671 animi
1744 630 1809 671 in-

278 696 512 737 constantia
535 709 582 737 30
603 696 770 736 flexibili
790 696 1003 737 voluntate
1020 709 1156 737 secum
1177 698 1412 749 querentem
1437 697 1630 749 proponit
1652 709 1687 737 v.
1706 697 1730 737 8
1747 710 1807 750 sq.

279 762 348 813 (cf.
393 762 486 803 Eur.
519 763 616 815 Hip.
665 776 701 804 v.
736 764 851 814 183),
902 763 1037 804 furore
1075 763 1275 804 excitatus
1317 764 1357 804 et
1394 763 1708 817 circumvagans
1744 764 1810 804 in-

277 830 518 882 terpellatus
550 842 572 870 a
606 842 720 870 servo
753 830 792 870 et
824 829 1023 871 desideria
1059 830 1191 870 fassus
1222 830 1330 870 hunc
1360 830 1557 882 implorat
1590 843 1627 872 v.
1661 831 1734 872 72:

467 893 643 946 ‘'Yoaze,
679 890 735 952 w}
776 897 957 951 Quum,
991 896 1081 936 τίνα
1113 892 1319 950 φάρμακα
1349 896 1527 936 ποικίλα
1556 892 1740 938 πάσσων

479 960 602 1004 ἔνδον
633 962 736 1019 ἐμῆς
767 963 941 1016 κραδίης
969 960 1143 1019 ἰήσομαι
1176 960 1299 1012 ἕλκος
1326 959 1536 1016 Ἐρώτων.

277 1031 405 1072 Poeta
450 1032 586 1084 epicus
636 1031 813 1072 remedia
858 1033 903 1071 ut
943 1044 1099 1072 merum
1132 1033 1417 1072 ornamentum
1449 1031 1628 1072 amantis
1658 1032 1810 1073 descri-

280 1099 412 1151 ptioni
446 1099 634 1148 intexuit,
666 1098 716 1139 ad
748 1111 871 1151 quae,
905 1111 995 1139 cum
1028 1099 1148 1140 irrita
1181 1100 1284 1149 sint,
1328 1100 1468 1151 postea
1498 1111 1577 1140 non
1608 1099 1810 1152 recurrat,

279 1178 359 1206 non
391 1166 510 1207 aliter
542 1166 738 1218 tragicus.
789 1190 840 1194 -—
886 1167 1024 1218 Atque
1055 1166 1118 1207 his
1149 1166 1248 1207 10013
1279 1166 1522 1207 examinatis
1552 1179 1632 1207 non
1664 1166 1810 1207 imma-

279 1234 370 1273 ture
418 1233 557 1274 videor
609 1233 787 1273 remedia
829 1233 1007 1274 furorem
1046 1233 1232 1274 sedantia
1264 1233 1420 1286 primus
1450 1245 1671 1286 agnoscere
1701 1232 1810 1286 apud

279 1300 543 1352 Propertium
574 1300 627 1349 Π,
663 1301 697 1340 1.
728 1302 776 1340 51
812 1313 892 1352 sq.:

479 1366 557 1408 Seu
589 1367 689 1407 mihi
722 1369 817 1407 sunt
847 1367 1058 1420 tangenda
1090 1380 1289 1409 novercae
1321 1367 1467 1419 pocula
1498 1367 1721 1419 Phaedrae,

543 1434 686 1487 pocula
719 1435 907 1488 privigno
941 1447 1021 1475 non
1052 1435 1240 1476 nocitura
1272 1447 1356 1488 suo,

477 1514 545 1542 seu
578 1501 679 1542 101111
709 1500 874 1542 Circaeo
907 1501 1158 1554 pereundum
1185 1503 1244 1542 est
1268 1501 1468 1554 gramine,
1501 1500 1586 1542 sive

545 1568 706 1610 Colchis
739 1568 991 1609 Colchiacisl
1026 1570 1121 1609 urat
1152 1581 1253 1610 aena
1287 1568 1400 1622 focis,

479 1648 559 1676 una
590 1648 701 1676 meos
734 1635 927 1687 quoniam
962 1635 1156 1688 praedata
1189 1637 1249 1676 est
1280 1635 1432 1676 femina
1462 1647 1615 1686 sensus,

544 1716 587 1743 ex
618 1703 695 1743 1130
727 1702 927 1743 ducentur
958 1702 1100 1744 funera
1131 1704 1272 1744 nostra
1303 1703 1435 1744 domo.

480 1769 621 1811 Omnis
654 1771 853 1810 humanos
886 1771 1006 1810 sanat
1037 1770 1240 1811 medicina
1273 1770 1450 1812 dolores:

546 1836 654 1877 solus
687 1849 801 1877 amor
832 1836 965 1878 morbi
998 1849 1077 1877 non
1111 1839 1225 1878 amat
1254 1837 1468 1878 artificem.

281 1902 516 1956 Sequuntur
547 1904 729 1956 exempla
761 1904 1015 1945 mirabilium
1047 1905 1325 1946 sanationum.
1387 1904 1515 1946 Totus
1537 1905 1673 1945 autem
1697 1904 1811 1946 locus

281 1971 442 2023 egregie
472 1971 688 2023 respondet
720 1971 908 2023 inprimis
941 1972 1073 2024 Longi
1105 1972 1298 2024 exemplo,
1342 1984 1435 2012 cum
1466 1971 1660 2023 medelae,
1707 1984 1812 2025 quae

280 2037 434 2079 frustra
480 2038 630 2078 amoris
667 2034 807 2079 m'orbo
854 2038 1116 2088 adhibentur,
1169 2039 1409 2080 dividantur
1454 2039 1496 2079 in
1534 2038 1728 2080 veneficia
1772 2039 1812 2079 et

281 2104 505 2146 medicinae
536 2105 726 2146 remedia.
789 2106 825 2145 A
857 2107 1082 2147 sententia:
1113 2102 1224 2147 ‘laus
1256 2107 1297 2146 in
1329 2119 1466 2147 amore
1497 2100 1622 2147 mori'
1652 2105 1706 2160 (V.
1738 2106 1811 2158 47)

281 2171 537 2224 proficiscens
582 2174 700 2224 poeta
739 2173 938 2225 tanquam
978 2173 1231 2214 vaticinatur
1275 2185 1318 2214 30
1370 2173 1476 2214 hanc
1513 2173 1678 2214 laudem
1715 2185 1812 2214 con-

281 2240 517 2279 secuturum
549 2251 651 2286 esse;
698 2239 781 2280 fore
819 2240 925 2280 enim
962 2252 1187 2292 nunquam,
1231 2241 1276 2280 ut
1321 2240 1398 2280 sibi
1441 2252 1555 2281 amor
1599 2240 1810 2293 eripiatur.

282 2305 396 2346 Haec
426 2318 506 2346 una
538 2306 739 2347 sententia
772 2307 814 2346 111
846 2308 1023 2348 extremo
1051 2307 1231 2348 03101100
1253 2307 1340 2348 fuse
1360 2307 1612 2358 illustratur,
1645 2308 1710 2348 0111
1730 2320 1812 2349 non

281 2372 557 2425 satisfaciunt,
602 2373 671 2425 qui
705 2373 953 2426 intellegunt
993 2375 1147 2426 philtra
1187 2386 1367 2415 amorem
1404 2375 1639 2423 inicientia3
1685 2375 1811 2416 immo

282 2440 381 2480 haec
411 2440 711 2492 interpretatio,
756 2453 991 2493 quanquam
1025 2442 1200 2494 primam
1233 2441 1601 2483 commendationis
1638 2442 1810 2494 speciem

281 2518 377 2558 prae
408 2519 448 2547 se
478 2506 568 2554 fert,
601 2507 796 2547 insereret
825 2520 987 2548 sensum
1010 2508 1129 2560 plane
1151 2520 1302 2549 novum
1325 2508 1587 2561 alienumque
1617 2521 1640 2550 a
1672 2510 1811 2550 nostro

283 2573 474 2614 carmine.
548 2573 777 2624 Praeterea,
826 2575 860 2615 si
892 2575 988 2627 quid
1022 2575 1148 2628 sapio,
1193 2575 1259 2615 hic
1293 2576 1353 2616 est
1385 2575 1589 2628 Propertii
1620 2587 1720 2629 mos,
1765 2575 1812 2615 ut

284 2641 597 2693 cogitationem,
652 2653 744 2681 011111
791 2654 870 2694 qua
915 2641 1038 2683 semel
1085 2642 1267 2695 aliquam
1317 2641 1435 2694 quasi
1482 2641 1810 2683 familiaritatem

420 2803 431 2821 ¹
458 2802 516 2836 Ita
555 2802 659 2846 libri3
702 2802 879 2847 Scaliger:
922 2804 1098 2838 Iolciacis.
1142 2823 1185 2828 —-
1231 2802 1406 2837 Codicum
1444 2803 1665 2846 scripturam
1704 2803 1812 2836 tueor

284 2863 438 2904 propter
465 2859 569 2894 Ovid.
597 2860 700 2894 Rem.
725 2862 851 2894 Amor.
879 2862 944 2894 261
976 2873 1047 2905 sq.;
1074 2873 1145 2905 quo
1173 2862 1253 2896 iure
1279 2862 1406 2895 statim
1431 2861 1586 2895 videbis.
1689 2857 1692 2860 ’
