1912 3310
951 155 1019 190 120

217 271 350 312 herois
384 270 731 323 pulchritudinem
768 271 828 312 ita
865 270 1120 323 amplificata
1159 270 1284 312 fuisse
1322 271 1495 324 videtur,
1542 271 1587 312 ut
1624 271 1744 324 prata

216 339 416 390 tanquam
447 338 642 379 maeroris
672 338 767 379 tabe
809 338 993 379 confecta
1032 350 1278 379 marcescere
1313 338 1563 386 dicerentur:
1604 337 1744 391 qualia

218 404 360 444 Bionis
407 404 630 456 discipulus
677 405 789 446 canit
831 405 983 446 Mosch.
1028 404 1088 445 Id.
1134 404 1212 456 III,
1259 406 1309 445 31
1355 417 1434 457 sq.:
1484 405 1547 459 σῷ
1593 404 1629 445 δ’
1674 403 1742 445 ἐπ’

217 468 390 524 ὀλέθρῳ
432 469 436 523 Ι
477 469 653 521 δένδρεα
698 468 865 522 καρπὸν
913 467 1054 523 ἔριψε,
1110 468 1162 510 τὰ
1204 469 1238 511 δ’
1287 464 1426 511 ἄνθεα
1474 466 1596 510 πάντ’
1645 468 1746 522 ἐμα-

217 533 357 590 ράνθι]
370 536 395 578 ¹.
440 536 632 589 Sophista
664 537 826 590 quiden]
852 550 875 578 a
906 537 1138 587 Toelkenio,
1173 537 1243 590 qui
1273 537 1372 578 huic
1403 537 1490 579 loco
1518 537 1746 579 marcentia

216 605 337 653 sert-a,
377 616 481 656 quae
512 603 625 655 pueri
657 603 859 656 capitibus
902 603 1134 653 detrahant,
1172 604 1383 654 subiecit'2,
1416 604 1568 645 discere
1596 603 1758 657 potuit.

218 683 298 723 qua
329 670 410 711 fere
441 670 600 711 ratione
636 670 924 711 commenticia
955 671 1093 723 imago
1126 670 1306 723 perfecta
1339 671 1587 713 redderetur.
1637 670 1748 711 Nam

219 736 310 789 quis
340 736 411 785 est,
456 736 554 789 quin
585 736 803 789 intellegat
834 736 1074 789 sophistam,
1124 749 1215 778 cum
1247 750 1438 790 personas
1469 738 1653 791 fingeret,
1683 737 1748 778 in-

218 804 307 856 epte
329 815 509 844 servasse
541 803 782 855 exemplaris
814 804 982 844 verbum
1013 802 1265 856 ιιιαραιίωεινῖ)
1311 805 1434 846 Actio
1456 804 1746 846 desideratur3.

218 869 455 910 Mirandum
487 870 629 923 igitur,
663 870 771 922 quod
792 870 868 911 hae
898 870 1075 923 ineptiae
1107 871 1206 911 viris
1241 870 1372 912 doctis
1403 884 1587 924 unquam
1608 870 1746 911 fucum

217 937 347 978 facere
370 938 632 989 potuerunt4.
658 961 691 964 υ
717 936 1076 979 Accomniodatior
1098 950 1268 990 sequens
1288 938 1427 991 imago
1451 937 1579 978 videri
1601 937 1748 990 possit:

218 1003 380 1058 νῦμφαι
436 1018 481 1043 τε
532 998 573 1044 αἱ
619 1003 689 1044 σαὶ
740 1002 900 1059 τροφοὶ
944 1003 1129 1045 ‘cor-zeon*
1174 1005 1261 1045 τῶν
1301 1006 1450 1059 πηγῶν
1489 998 1749 1056 ἆνασχοῦσαι

219 1071 517 1125 σπαράττουσι
552 1068 626 1121 τὰς
657 1068 793 1124 κόμας
816 1065 1142 1124 εἷῑιοβλίζουσαι
1164 1073 1251 1113 τῶν
1272 1071 1419 1125 μαζῶν
1443 1067 1570 1123 Pomp,
1605 1083 1749 1124 quam-

219 1150 344 1191 quam
381 1138 645 1190 profluentem
697 1139 759 1180 vel
805 1139 1092 1180 deman-antem
1141 1139 1320 1181 fontium
1371 1151 1521 1191 aquam
1569 1137 1748 1190 ineptius

218 1218 342 1258 quam
387 1205 618 1259 elegantius
663 1205 733 1246 ille
778 1206 1039 1258 excogitavit.
1108 1206 1280 1259 Legerat
1318 1206 1490 1247 fortasse
1524 1204 1749 1258 Hippolyto

218 1273 326 1313 inter
363 1273 558 1313 venatum
601 1272 733 1314 fontes
781 1273 1031 1327 nymphasve
1075 1273 1270 1327 frigidam
1316 1286 1465 1326 aquam
1503 1272 1748 1325 praebuisse,

218 1339 324 1380 unde
359 1339 560 1392 nymphae
596 1334 637 1379 αἱ
670 1338 741 1380 σαὶ
772 1339 960 1395 τροφοί5
1000 1340 1202 1393 originem
1239 1340 1466 1388 duxerunt3
1516 1351 1619 1392 quae
1661 1351 1750 1379 am-

221 1406 341 1459 plius,
381 1408 425 1447 ut
463 1406 679 1460 affingeret
714 1420 916 1448 mammas
955 1407 1184 1448 nutrientes
1222 1408 1261 1449 et
1298 1419 1449 1460 aquam
1485 1405 1748 1455 effundentes,

218 1487 307 1514 eun]
347 1474 612 1526 impulerunt.
673 1474 759 1515 Has
798 1474 961 1527 quidem
1001 1475 1186 1527 argutias
1219 1474 1269 1516 ad
1310 1473 1628 1527 significandum
1659 1472 1747 1513 luc-

218 1542 307 1582 tum
351 1553 498 1594 parum
536 1542 654 1594 aptas
699 1553 783 1582 esse
824 1553 903 1582 non
943 1541 1080 1582 sensit.
1152 1542 1210 1582 At
1259 1542 1303 1582 ut
1351 1541 1458 1582 recte
1496 1539 1616 1581 modo
1653 1551 1750 1580 con-

220 1608 386 1650 clusisse
425 1622 487 1650 me
527 1608 681 1659 credas,
731 1607 903 1650 Ovidius
941 1608 1064 1649 fidem
1105 1608 1274 1662 obligat,
1319 1608 1434 1649 cuius
1466 1606 1652 1649 Phaedra
1688 1606 1750 1648 ita

219 1676 363 1717 scribit
395 1689 431 1716 v.
470 1677 568 1716 173:

420 1743 477 1784 sic
508 1743 585 1784 tibi
614 1743 715 1784 dant
746 1743 960 1797 nymphae,
993 1742 1182 1795 quamvis
1217 1741 1349 1783 odisse
1378 1741 1536 1794 puellas

485 1809 643 1861 diceris,
678 1811 859 1851 arentem
893 1822 996 1863 quae
1026 1810 1134 1850 levet
1165 1808 1275 1850 unda
1305 1808 1438 1849 sitim!

357 1947 367 1965 ¹
397 1945 448 1979 Cf.
476 1945 588 1979 Anth.
619 1945 694 1979 Pal.
723 1944 764 1988 V,
795 1947 872 1979 144.
907 1958 940 1980 v.
970 1948 1007 1979 5:
1061 1945 1242 1991 λειμῶνες,
1280 1949 1316 1978 τί
1350 1941 1486 1990 μάταια
1525 1939 1656 1989 κόμαις
1691 1944 1748 1978 ἔπι

223 2002 701 2050 ‹11110111c9<).«zae;Helbig
727 2004 796 2038 Ph.
823 2005 916 2038 blus.
944 2004 1064 2038 XXIV
1092 2016 1127 2048 p.
1153 2005 1232 2038 510.

358 2064 519 2098 ²Uebe1
546 2064 580 2098 d.
606 2064 862 2098 Unteischied.
891 2064 925 2098 d.
953 2064 1070 2098 antik.
1098 2076 1131 2097 11.
1157 2064 1322 2098 modern.
1349 2063 1503 2097 Malerei
1529 2075 1563 2107 p.
1594 2064 1645 2096 13

353 2122 366 2142 3
392 2122 586 2156 Praecedit
613 2123 864 2156 intolerabilis
904 2123 1042 2168 imago:
1089 2125 1237 2156 σκοπιαὶ
1269 2123 1341 2168 ιιὲι
1373 2120 1443 2166 yfir)
1475 2120 1588 2165 (εἷται,
1623 2122 1669 2154 ‹5.⁷
1703 2111 1753 2154 ὧν

221 2177 1198 2227 mma>similiorswdz,‹512i271011cc1n'c;naoffl'aggi
1216 2181 1330 2215 εἴδει
1320 2193 1511 2225 friat-mn.
1546 2179 1616 2223 Qui
1631 2180 1752 2214 luctus

222 2244 347 2285 gestus
375 2240 651 2274 Alexandrinae
682 2252 724 2274 ac
749 2241 948 2275 recentiori
974 2241 1077 2285 poesi
1103 2244 1233 2285 utpote
1266 2241 1387 2275 minus
1419 2240 1633 2274 moderatae
1667 2250 1751 2273 con-

223 2299 383 2341 veniens,
412 2299 457 2333 ab
483 2300 723 2343 antiquorum
749 2300 936 2344 pictorum
963 2300 1202 2344 simplicitate
1226 2300 1472 2334 alienissimus
1505 2302 1570 2332 est.

356 2360 369 2378 ⁴
395 2358 491 2392 Huic
519 2359 685 2402 exemplo
711 2370 860 2403 possum
887 2359 959 2393 alia
986 2359 1121 2393 similia
1151 2359 1360 2402 adstruere:
1402 2358 1465 2392 sed
1500 2358 1586 2392 nolo
1624 2356 1751 2390 immo-

220 2416 385 2450 deratius
430 2417 591 2462 evagari.
662 2417 832 2451 Ceterum
871 2416 1030 2452 fictionis
1071 2418 1129 2452 via
1168 2429 1210 2452 ac
1249 2417 1393 2451 ratione
1432 2417 1578 2451 detecta
1615 2426 1750 2459 susque

221 2475 337 2518 deque
364 2474 576 2509 habendum
605 2480 671 2519 est,
696 2479 822 2509 utrum
848 2477 939 2510 talia
967 2477 1013 2510 ab
1041 2476 1245 2511 artificibus
1270 2476 1463 2521 potuerint
1480 2472 1752 2519 repraesentari

222 2545 345 2567 necne.
399 2534 643 2569 Friederiohs.
681 2535 745 2578 qui
770 2546 1021 2579 praepropere
1046 2535 1147 2579 prati
1173 2534 1331 2580 figuram
1358 2535 1507 2569 omnino
1534 2533 1751 2568 condemna-

223 2592 278 2626 vit
305 2592 354 2635 (d.
382 2592 556 2626 Philostr.
583 2593 680 2628 Bild.
707 2605 742 2637 p.
770 2594 841 2637 99),
868 2594 947 2627 iure
974 2594 1139 2628 Brunnio
1166 2595 1278 2628 bilem
1312 2593 1430 2628 movit
1457 2593 1596 2638 (Fleck.
1622 2590 1750 2626 Jahrb.

222 2650 349 2695 Suppl.
368 2651 429 2695 ΙΥ,
453 2653 542 2685 1861
570 2664 605 2696 p.
625 2652 717 2696 289).
769 2652 839 2687 Sed
866 2652 1115 2698 cf.Helhig1.
1138 2654 1161 2687 l.
1187 2665 1222 2698 p.
1250 2655 1330 2687 511.
1381 2653 1480 2687 Matz
1507 2652 1552 2686 de
1576 2651 1751 2685 Philostr.

221 2709 260 2743 in
287 2709 442 2744 describ.
471 2711 581 2756 imag.
606 2711 678 2746 fide
703 2723 738 2755 p.
769 2712 800 2745 2.
826 2713 870 2745 76
892 2723 944 2755 sq.

355 2768 489 2804 ⁵Cave
518 2781 562 2803 ne
588 2770 644 2804 his
670 2770 806 2814 verbis,
851 2771 985 2814 quibus
1013 2770 1179 2815 sophista
1204 2773 1386 2805 remotum
1415 2769 1565 2814 aliquod
1589 2763 1752 2814 μυθολό-

218 2839 320 2872 γημα
347 2827 485 2862 iactare
511 2828 671 2872 videtur,
699 2829 870 2863 altiorem
898 2841 1045 2864 sensum
1073 2830 1243 2864 subicias.

1905 154 1912 173 -.
1900 136 1902 139 ψ
1880 0 1912 119 ..hinni
