1912 3310
855 210 901 242 97

110 319 347 361 constructa
383 319 439 361 sit
478 333 523 362 ex
564 321 717 363 fabulis
747 322 982 375 praedictis,
1029 336 1264 376 quanquam
1306 325 1502 367 historiae
1538 326 1643 367 veri-

107 387 238 428 tatem
270 387 422 439 captat.
482 388 730 430 Parthenius
760 389 901 442 igitur,
934 390 1049 430 cuius
1079 392 1224 432 auctor
1255 392 1362 444 quod
1397 405 1476 433 non
1508 393 1641 433 nomi-

107 454 248 504 natur,
279 466 400 506 aegre
429 454 639 496 ferendum
670 456 730 497 est
747 457 769 506 ¹,
802 457 946 498 narrat
977 456 1002 498 l.
1035 457 1061 497 l.
1093 457 1235 498 XVII:
1278 457 1464 511 Λέγεται
1496 458 1542 499 δὲ
1569 458 1637 499 καὶ

108 518 377 574 Περίανδρον
422 517 499 561 τὸν
543 521 784 574 Κορίνθιον
834 520 910 578 τὴν
953 522 1031 576 μὲν
1077 520 1209 579 ἀρχὴν
1252 523 1422 578 ἐιτιεικῆ
1472 540 1516 565 τε
1572 526 1640 566 καὶ

106 588 250 645 πρᾷον
271 588 392 638 εἶναι,
430 584 608 641 ὕστερον
639 587 685 629 δὲ
716 588 1016 644 φονικώτατοι
1040 606 1128 645 ᾖιενει
1125 591 1240 632 σθαι
1265 591 1317 632 (δι’
1341 589 1481 633 αἷῑιαι
1501 589 1639 648 ferjans.

104 650 129 709 ἡ
172 648 314 710 μήτηρ
359 648 493 695 αἰτοῦ
537 655 693 711 nomos]
741 655 837 696 ιεόι
886 657 1036 712 πο22ᾠ
1076 655 1250 714 [ιτόθῳ]
1288 658 1522 711 κατείχετο,
1570 660 1637 700 καί

103 720 213 770 τέως
235 720 344 774 [ιιεν]
361 715 665 774 ἀνεπίμπλατο
689 724 764 778 τῆς
786 721 922 764 εῑιιθι·
926 723 1027 776 ιιίας
1049 725 1407 803 περιπ2εκοιιὲιιῇ
1419 743 1478 781 try
1502 726 1638 768 παιδί.

104 785 339 840 προίόντος
374 787 421 829 δε
461 788 539 829 τοῦ
570 785 726 842 χρόιοι
767 789 817 830 τι)
861 787 1014 840 πάθος
1055 790 1127 832 επὶ
1167 792 1319 871 μεῖζον
1360 786 1530 847 ιῇι)·’ξειιι,
1572 794 1637 834 καὶ

101 855 293 908 κατέχειν
335 852 412 911 τὴν
461 870 590 897 νοσον
635 850 782 897 οὐκέτι
828 856 899 897 οιά
946 872 992 898 τε
1046 855 1114 912 ἦν,
1165 856 1248 908 ε’ως
1291 853 1635 939 αιτοτολμήσασα

101 922 345 978 προσφέρει
375 918 528 977 2όγοις
566 924 628 978 τῶ
674 923 797 965 παιδὶ
842 940 902 974 ως
945 919 1082 965 αὐτοῦ
1128 940 1228 979 γινιῇ
1276 942 1342 976 τις
1389 926 1501 983 εριιόη
1548 928 1637 969 τῶν

103 986 214 1031 πάνυ
255 989 408 1040 καλῶν,
451 986 687 1042 παρεκάλει
724 1006 770 1032 τε
807 985 938 1032 αὖτον
971 989 1029 1046 μὴ
1067 994 1278 1045 περιορᾶν
1315 987 1446 1048 αὐτὴν
1482 1010 1635 1047 περαι-

101 1057 212 1111 τέρω
245 1057 643 1112 καταξαινομένηνῗ.
678 1082 731 1087 —
763 1059 1056 1112 Ingravescens
1087 1060 1128 1101 in
1161 1061 1246 1102 <lies
1276 1062 1412 1103 taetra
1444 1062 1635 1115 voluptas

102 1125 312 1179 animique
334 1126 566 1179 aegrotatio
598 1126 720 1168 solito
751 1138 863 1167 more
894 1126 1151 1168 describitur.
1210 1128 1356 1170 Libido
1387 1131 1525 1170 autem
1556 1130 1636 1182 pri-

101 1205 168 1234 mo
199 1192 350 1234 osculis
380 1194 571 1242 satiatur,
601 1194 646 1234 ut
668 1194 810 1246 Byblis
840 1206 919 1235 non
948 1189 1136 1247 ‘peccare
1166 1196 1300 1248 putat,
1334 1196 1441 1249 quod
1474 1197 1635 1249 saepius

101 1259 240 1301 oscula
270 1254 442 1314 iungat'
475 1260 567 1310 (Ov.
599 1260 697 1301 Met.
730 1260 801 1311 IX,
834 1262 946 1312 458),
979 1274 1059 1315 quo
1095 1262 1184 1303 loco
1214 1262 1296 1303 iam
1331 1263 1382 1304 ad
1416 1262 1636 1305 Cnemonis

101 1327 288 1368 fabulam
326 1327 513 1381 delegavi
558 1329 615 1381 (p.
648 1329 732 1379 65).
797 1329 973 1382 Reliqua
1004 1329 1055 1370 ad
1086 1329 1278 1383 Myrrhae
1309 1331 1537 1383 exemplum
1569 1331 1634 1371 in-

101 1396 226 1437 venta
256 1408 340 1437 esse
380 1396 470 1437 luce
504 1395 654 1436 clarius
686 1396 757 1436 est.
817 1395 1126 1448 Peropportune
1157 1398 1296 1438 autem
1328 1397 1492 1448 accidit,
1527 1398 1634 1451 quod

100 1461 303 1504 Ovidiano
333 1463 423 1504 loco
455 1462 569 1514 (Met.
592 1462 642 1512 X,
671 1463 784 1513 440),
816 1474 894 1515 quo
926 1463 1118 1516 Myrrhae
1147 1464 1287 1505 nutrix
1318 1465 1477 1517 puellae
1508 1465 1632 1506 inter-

99 1529 257 1582 positae
279 1529 425 1572 faciem
445 1529 590 1570 laudat
606 1529 676 1581 (cf.
695 1541 816 1582 supra
836 1542 873 1582 p.
892 1530 974 1580 80),
998 1530 1173 1571 similem
1196 1531 1277 1572 iam
1301 1532 1505 1580 tenemus3
1537 1544 1629 1573 cum

98 1596 315 1638 Periandri
331 1597 463 1638 mater
479 1596 646 1637 simulet
664 1596 843 1649 puellam
863 1598 949 1637 τῶν
970 1593 1081 1637 πάνυ
1104 1597 1246 1638 καλῶν
1265 1598 1340 1639 filii
1365 1599 1626 1641 concubitum

99 1664 295 1716 expetere.
353 1663 460 1705 Item
496 1663 678 1705 inchoati
710 1664 961 1705 narrationis
1001 1664 1060 1705 fili
1091 1665 1326 1718 pertexendi
1358 1667 1464 1708 ratio
1496 1666 1538 1707 in
1570 1679 1632 1708 se-

98 1730 317 1783 quentibus
339 1730 459 1783 plane
480 1742 503 1771 a
526 1730 716 1783 Myrrhae
747 1730 886 1772 fabula
919 1731 1105 1773 derivata
1137 1733 1208 1773 est.
1270 1731 1492 1786 Stipulatis
1522 1733 1629 1774 enim

95 1798 261 1850 propter
291 1798 450 1851 puellae
481 1798 780 1847 verecundiam,
813 1800 932 1840 nocte
965 1811 1013 1840 ne
1043 1799 1183 1841 lumen
1210 1800 1500 1841 accenderetur
1531 1814 1629 1842 neve

97 1876 323 1906 sermonem
355 1865 566 1915 haberent,
598 1866 756 1918 expleta
788 1866 929 1907 multis
962 1867 1151 1908 noctibus
1183 1867 1423 1920 cupiditate,
1451 1868 1520 1909 ubi
1551 1869 1631 1909 cri-

96 1943 189 1972 men
211 1931 464 1984 patefactum
487 1932 548 1972 est
570 1932 642 1973 filii
669 1933 871 1974 aviditate
901 1934 1126 1987 spectandi,
1159 1947 1251 1975 cum
1275 1945 1356 1988 qua
1387 1934 1630 1975 concubuis-

98 1999 172 2048 set,
221 1997 362 2051 gladio
399 1998 542 2039 stricto
572 1998 643 2039 ille
684 1999 858 2040 matrem
901 2002 1086 2054 persequi
1118 2002 1250 2054 parat,
1297 2001 1366 2042 sed
1399 2000 1629 2042 deterretur

97 2059 188 2105 ὑπό
220 2078 336 2114 τινος
366 2063 592 2118 δαιμονίου
622 2061 940 2121 φαντάσματος,
975 2068 1021 2108 ut
1042 2067 1292 2110 Parthenius
1323 2067 1438 2109 dicit.
1496 2067 1629 2109 Mater

232 2281 244 2301 ¹
270 2280 440 2315 Laertius
466 2281 650 2326 Diogenes
676 2282 704 2326 I,
730 2283 775 2317 96
801 2282 846 2317 de
871 2282 1093 2316 Periandro:
1132 2284 1229 2324 Φησὶ
1262 2281 1302 2316 δὲ
1331 2280 1564 2327 Ἀρίστιππος
1589 2282 1629 2316 ἐν

94 2337 224 2385 πρώτῳ
250 2343 342 2385 Περὶ
369 2343 523 2379 παλαιᾶς
548 2342 684 2387 τρυφῆς
712 2344 793 2386 περὶ
820 2339 927 2376 αὐτοῦ
953 2338 1049 2386 τάδε,
1077 2341 1124 2379 ὠς
1149 2338 1217 2386 ἄρα
1245 2343 1445 2387 ἐρασθεῖσα
1474 2338 1626 2387 ἡμήῑηρ

94 2396 202 2433 αὐτοῦ
225 2395 392 2443 Κράτεια,
421 2400 532 2442 συνῆν
558 2398 654 2445 αὐτῷ
680 2397 814 2445 λάθρα·
842 2402 901 2433 καὶ
927 2397 966 2438 ὃς
992 2398 1108 2443 ἥδετο.
1158 2401 1326 2445 Φανεροῦ
1355 2401 1394 2434 δὲ
1424 2403 1627 2445 γενομένου

93 2455 203 2502 βαρὺς
226 2457 342 2492 πᾶσιν
366 2459 510 2502 ἐγένετο
537 2457 596 2491 διὰ
621 2457 661 2492 τὸ
688 2456 813 2503 ἀλγεῖν
839 2460 899 2493 ἐπὶ
922 2460 963 2506 τῇ
990 2455 1107 2505 ᾳώρᾳ.
1139 2459 1190 2493 Cf.
1211 2459 1370 2494 Mueller
1387 2459 1426 2493 F.
1456 2459 1498 2492 H.
1521 2459 1560 2493 G.
1589 2459 1623 2493 II

92 2528 129 2561 p.
144 2517 201 2551 79.
236 2517 420 2561 Aristippi
445 2517 535 2552 haec
558 2518 750 2552 mendacia
775 2519 888 2552 tertio
915 2519 1060 2552 saeculo
1087 2530 1246 2562 procusa
1273 2530 1349 2553 esse
1375 2518 1625 2553 W'ilamowitz

92 2575 362 2610 demonstravit
401 2577 543 2621 (Antig.
576 2589 609 2611 v.
642 2577 790 2620 Karyst.
827 2576 1010 2621 Philolog.
1040 2577 1186 2611 Unters.
1215 2576 1265 2611 IV
1299 2588 1334 2621 p.
1361 2578 1406 2610 48
1433 2589 1485 2620 sq.
1526 2575 1624 2610 ‘Ein

92 2646 191 2669 zwar
215 2635 346 2669 hochst
371 2635 715 2680 niedertr'achtiges,
756 2636 887 2670 hochst
912 2635 1274 2680 unglaubwiirdiges‚
1313 2636 1403 2669 aber
1430 2636 1482 2669 als
1509 2635 1623 2680 Beleg

92 2691 154 2726 fiir
179 2693 239 2727 die
267 2692 477 2739 Stimmung
502 2693 622 2727 seiner
634 2694 716 2728 Zeit
741 2694 873 2728 hochst
898 2694 1131 2729 sehatzbares
1147 2692 1438 2736 Schriftstiick').
1464 2694 1620 2728 Erravit

92 2750 287 2786 Nietzsche
311 2751 397 2795 (Rh.
424 2752 517 2786 Mus.
543 2752 662 2786 XXIV
689 2764 724 2796 p.
751 2753 846 2796 202).

227 2809 241 2828 ²
266 2809 389 2844 Verba
425 2811 528 2845 uncis
556 2810 697 2845 inclusa
735 2811 773 2844 in
817 2812 941 2846 codice
980 2812 1130 2856 desunt3
1173 2812 1411 2847 inseruerunt
1451 2812 1541 2847 Gale
1583 2814 1620 2845 et

21 2883 26 2903 ῑ
92 2868 271 2903 Meineke.

1336 2931 1356 2963 7
