1912 3310
10 2427 22 2442 2.
0 2176 27 2384 §QWW-*J
0 1965 31 2167 mv'u=›{·=v'‘³
3 1926 9 1931 «
0 1876 2 1878 ⁴
0 1843 10 1848 ‹

858 216 903 251 67

117 327 189 368 tur
216 350 272 357 —
300 327 469 381 Byblidi
495 329 633 370 autem
667 329 798 371 Cauni
833 330 971 384 imago
1007 344 1075 384 per
1105 344 1293 374 somnum
1325 347 1442 387 saepe
1478 335 1646 376 offertur

119 406 156 435 v.
188 394 270 435 470
300 406 360 446 sq.
375 395 401 444 ¹,
439 394 547 447 quod
578 407 670 436 vere
701 395 1027 437 Alexandrinum
1056 398 1128 438 est.
1187 398 1254 440 Sic
1285 399 1427 441 Medea
1456 401 1641 443 Iasonem

117 461 158 501 111
188 473 329 503 somno
363 460 494 502 cernit
525 459 678 514 (Apoll.
697 462 828 503 Rhod.
859 463 936 513 III,
969 464 1049 504 616
1068 464 1158 517 sq.),
1191 477 1294 517 quae
1325 468 1553 519 experrecta
1583 468 1642 509 ita

117 541 155 570 V.
191 529 290 570 636:
322 524 440 582 δειλὴ
472 523 590 582 ἐγών,
625 522 723 569 οἷόν
749 544 802 581 με
832 532 983 583 βαρεῖς
1013 527 1236 586 ἐφόβησαν
1267 525 1439 585 ὄνειροι.
1500 534 1642 587 Byblis

117 595 319 637 exclamat
349 608 386 637 v.
417 595 518 637 474:
554 590 655 636 “me
694 596 905 638 miseraml
952 598 1106 639 tacitae
1145 599 1242 652 quid
1273 600 1364 641 vult
1403 601 1479 642 sibi
1512 602 1641 643 noctis

115 661 303 716 imagoP’
365 662 488 715 Apud
524 662 720 703 Nonnum
768 663 957 718 (Dionys.
988 665 1155 715 XLVII,
1203 667 1283 707 320
1313 668 1389 720 sq.)
1435 668 1642 710 Ariadnae

115 729 339 771 somnianti
369 729 512 770 Thesei
548 729 688 783 imago
731 731 930 785 occurrit,
978 745 1118 774 somno
1161 733 1295 775 soluto
1337 735 1550 786 desiderat,
1595 737 1642 777 ut

116 795 256 838 redeat
284 795 463 837 iucunda
491 796 631 849 imago
665 810 699 838 v.
733 798 833 847 3453
876 798 983 839 idem
1017 799 1156 853 Byblis
1186 801 1279 841 avet
1310 814 1345 842 v.
1377 802 1470 843 480.
1544 802 1640 855 Qui—

115 863 190 905 bus
217 862 420 917 adiungas
451 863 618 913 Bacchi,
652 864 717 905 cui
748 864 875 906 Beroe
906 865 1089 916 offertur,
1122 866 1232 908 haud
1263 880 1470 921 quaquam
1492 869 1639 922 pudica

115 930 274 972 somnia
302 930 423 984 plane
456 931 745 984 respondentia
775 931 947 984 Milesiis
995 933 1151 984 (Nonn.
1182 934 1349 988 Dionys.
1381 935 1508 985 XLII,
1541 937 1639 977 335:

114 995 185 1037 καὶ
215 999 426 1050 σκιεροῖσι
456 992 655 1051 γάμοισιν
686 993 856 1050 cimam
884 998 1010 1050 κτλ.);
1055 1000 1254 1042 excitatus
1287 1001 1482 1042 Somnum
1518 1002 1636 1043 Amo-

115 1076 201 1105 rem
233 1064 430 1106 Venerem
471 1066 676 1118 precatur,
720 1066 767 1106 ut
797 1066 1032 1119 voluptates
1062 1068 1254 1109 revocent
1283 1081 1320 1109 v.
1353 1069 1430 1109 341
1461 1081 1518 1121 sq.
1579 1068 1639 1110 Si-

117 1130 234 1172 milia
264 1132 523 1174 matrimonii
553 1132 707 1186 gaudia
738 1133 953 1174 Morrheus
985 1135 1164 1175 somniat
1187 1134 1480 1176 Chalcomedae
1502 1148 1641 1177 amore

116 1197 399 1241 inflammatus
431 1200 584 1251 (Nonn.
616 1200 784 1254 Dionys.
817 1200 1012 1251 XXXIV,
1045 1203 1097 1243 89
1127 1201 1204 1255 sq.)
1217 1203 1243 1252 2,
1282 1215 1362 1256 qua
1393 1202 1542 1244 fabella
1575 1203 1640 1243 hic

115 1266 203 1308 illic
240 1265 507 1319 Euripideam
546 1267 778 1309 Phaedram
818 1269 934 1309 nobis
972 1269 1013 1309 111
1053 1270 1292 1310 memoriam
1336 1269 1474 1311 reduci
1518 1282 1640 1322 supra

116 1333 258 1375 notavi
275 1332 330 1387 (p.
350 1331 430 1387 18).
463 1333 649 1387 Denique
680 1334 838 1376 somnia
861 1336 901 1375 in
924 1336 1198 1389 Anthologiae
1227 1336 1384 1377 lusibus
1407 1337 1516 1377 haud
1546 1350 1638 1379 raro

117 1401 338 1443 occurrunt
370 1399 439 1452 (cf.
457 1401 585 1442 Anth.
603 1401 693 1442 Pal.
713 1402 761 1452 V,
785 1402 876 1443 243.
908 1402 1004 1453 XII,
1039 1404 1129 1444 125.
1157 1404 1233 1444 127
1265 1416 1302 1444 v.
1326 1404 1349 1443 5
1372 1415 1429 1456 sq.
1454 1403 1562 1454 177).
1587 1427 1636 1432 —

115 1467 181 1509 Ad
205 1466 443 1509 chor-icium
466 1468 604 1510 autem
627 1469 718 1521 post
747 1468 852 1510 hanc
883 1468 1178 1522 digressionem
1201 1470 1414 1511 redeuntes
1435 1470 1517 1511 iam
1544 1483 1639 1512 con-

114 1533 287 1576 fidenter
332 1535 561 1576 statuemus
611 1548 702 1576 eum
747 1536 1071 1577 Alexandrinum
1118 1537 1251 1578 nescio
1296 1537 1404 1590 quod
1444 1539 1639 1578 carmen3

115 1602 276 1655 praesto
308 1601 511 1653 habuisse,
557 1615 603 1644 ex
633 1615 712 1656 quo
744 1603 834 1656 plus
874 1616 998 1656 quam
1029 1603 1169 1645 inanes
1199 1603 1388 1645 flosculos
1419 1603 1637 1652 delibaret;

112 1669 350 1722 praesertim
383 1681 478 1710 cum
509 1670 668 1711 constet
706 1669 886 1711 rhetores
927 1670 1027 1711 istos
1056 1672 1236 1712 recentes
1267 1670 1637 1712 Alexandrinorum

111 1735 263 1778 scrinia
308 1735 535 1778 insolenter
581 1736 790 1789 expilasse.
850 1737 1071 1778 Memoriae
1112 1738 1242 1790 igitur
1278 1737 1501 1790 infigamus
1546 1750 1638 1779 eum

110 1802 238 1856 ipsius
268 1803 469 1856 epistulae
500 1816 704 1845 summam
746 1816 818 1845 suo
851 1804 1015 1858 quidem
1046 1805 1181 1846 Marte
1217 1805 1358 1858 paucis
1392 1805 1636 1858 significare.

244 1870 310 1911 Ad
340 1871 572 1912 extremum
601 1871 741 1912 autem
771 1872 877 1912 hunc
911 1871 1044 1913 locum
1076 1872 1135 1913 ita
1167 1872 1406 1913 concludere
1435 1872 1553 1913 licet:
1589 1872 1636 1912 In

115 1936 320 1979 Ovidiana
343 1937 540 1992 Byblidos
570 1938 712 1980 fabula
741 1951 833 1980 cum
864 1939 997 1980 multa
1019 1940 1259 1981 ornamenta
1280 1939 1407 1980 inesse
1433 1938 1636 1992 evicerim,

250 2122 262 2141 ¹
287 2122 459 2158 Phaedra
485 2122 590 2157 iuxta
616 2122 798 2157 Theseum
823 2123 1068 2157 dormientem
1094 2123 1173 2167 ipsa
1201 2134 1345 2167 quoque
1379 2102 1505 2157 somnd
1532 2134 1635 2157 occu-

114 2183 205 2225 pata
231 2181 271 2215 in
292 2182 414 2226 prima
439 2193 525 2217 area
549 2185 829 2226 repraesentata
856 2185 946 2221 erat,
984 2182 1014 2216 si
1048 2182 1190 2216 rhetori
1222 2181 1333 2216 fidem
1369 2181 1479 2216 habes
1505 2182 1635 2226 (Boiss.

111 2251 146 2284 p.
175 2241 269 2286 162).

242 2301 256 2322 2
286 2299 341 2335 De
374 2300 448 2335 alio
483 2303 702 2335 ornamento
730 2300 983 2334 Alexandrino
1018 2300 1056 2333 111
1090 2299 1352 2334 Chalcomedae
1383 2298 1508 2333 fabula
1539 2299 1636 2333 Non-

112 2358 226 2394 niana
253 2358 299 2393 cf.
325 2359 478 2403 Dilthey
502 2360 527 2393 1.
554 2360 576 2393 l.
606 2371 641 2404 p.
669 2360 714 2393 70
739 2362 775 2393 et
801 2359 844 2393 de
870 2359 1010 2392 Beroae
1037 2358 1163 2392 fabula
1188 2370 1221 2402 p.
1249 2359 1303 2392 36.

247 2418 260 2438 ³
286 2417 394 2462 Cave,
426 2430 473 2452 ne
507 2430 552 2453 ex
583 2418 818 2460 Callimacho,
858 2417 916 2452 cui
953 2419 1104 2460 ἱστορίαι
1133 2418 1226 2455 ξέναι
1264 2419 1324 2449 καὶ
1355 2412 1514 2460 (itemfor
1547 2427 1635 2460 prae

111 2476 356 2521 popularibus
395 2477 607 2521 placebant,
645 2489 769 2512 omnes
811 2479 940 2520 poetas
979 2476 1158 2520 elegiacos
1196 2475 1344 2519 pendas.
1400 2476 1459 2508 An
1496 2475 1534 2508 in
1568 2475 1636 2509 hac

113 2534 328 2578 quaestione
353 2536 447 2570 nihil
472 2536 600 2570 valent
626 2536 796 2580 picturae
822 2534 1046 2579 parietariae
1081 2533 1216 2567 totiens
1243 2533 1437 2577 Hippolyti
1471 2532 1635 2567 fabulam

111 2593 367 2628 illustrantes?
416 2594 583 2638 Accedit,
624 2594 722 2638 quod
748 2593 968 2637 Lycophron
1000 2595 1164 2626 nostram
1198 2591 1363 2625 fabulam
1395 2591 1432 2624 in
1466 2602 1633 2625 scaenam

112 2652 267 2686 deduxit
306 2652 368 2695 (cf.
395 2651 525 2687 Suidas
553 2665 579 2687 s.
604 2653 666 2696 v.).
718 2652 839 2686 Abeat
875 2651 1022 2695 quidem
1055 2653 1215 2695 nugator
1247 2649 1438 2693 Apuleius,
1477 2650 1539 2693 qui
1577 2649 1635 2694 (de

113 2709 362 2755 Orthograph.
390 2709 474 2755 §64
499 2722 534 2755 p.
562 2712 602 2744 13
631 2710 690 2745 Os.
714 2710 883 2744 Meineke
902 2709 1009 2742 Anal.
1029 2709 1134 2742 Alex.
1161 2720 1196 2752 p.
1217 2709 1298 2752 290)
1323 2708 1419 2752 Lupi
1446 2708 1634 2741 cuiusdam

111 2768 229 2802 Anilii
247 2768 291 2802 de
308 2767 499 2803 Phaedrae
516 2769 725 2812 sororisque
748 2768 889 2802 ultione
915 2766 1167 2800 testimonium
1185 2766 1381 2800 ementitus
1410 2765 1469 2808 (cf.
1483 2765 1636 2809 Madvig

112 2838 216 2871 opus.
242 2826 344 2861 acad.
370 2826 387 2860 I
412 2838 448 2871 p.
473 2828 533 2870 20)
560 2827 682 2861 addit:
720 2825 958 2860 ‘Parthenius
993 2822 1131 2859 aliter'.
1180 2824 1411 2868 Quanquam,
1438 2824 1534 2858 unde
1567 2824 1636 2857 hoc

111 2883 258 2926 habeat,
283 2885 476 2920 nescimus.
