1912 3310
1037 225 1082 259 82

299 338 444 380 unicus
475 339 618 380 auctor
651 340 713 381 est
741 339 827 382 iam
857 340 947 380 tum
979 341 1142 393 partum
1175 340 1330 382 editum
1365 353 1461 391 esse,
1507 341 1601 382 nisi·
1620 341 1828 382 Theocriti

296 405 543 447 scholiastae
572 405 834 448 historiolam
864 406 1104 448 adsciscere
1122 407 1201 448 vis:
1255 402 1432 458 {soz-§9021
1460 407 1506 449 δὲ
1537 406 1828 462 ἐγκυμονοῦσα

298 471 368 512 καὶ
398 472 588 525 γεννῶσα
617 469 693 513 τὸν
708 464 902 513 ’Ἀδωιίν
932 469 1160 528 ἐφωράθη.
1193 470 1261 527 ἐφ’
1295 465 1364 522 οἷς
1389 466 1613 529 οἷχθομέιή
1637 470 1665 529 ἢ
1683 471 1829 526 αἰσχυ-

297 538 449 593 νομένη
496 531 652 593 ηἷῖξαῖο
697 537 759 589 εἷς
804 535 1035 592 duabu-lum*
1081 536 1219 595 φυτὸν
1264 539 1586 598 ,natam-cestram
1664 541 1829 595 Reliqui

298 619 436 648 omnes
468 607 632 648 Adonin
679 619 724 647 ex
768 607 855 659 ipsa
900 607 1043 648 arbore
1085 607 1228 648 natum
1275 620 1358 648 esse
1400 607 1557 658 volunt,
1602 608 1697 650 fissa
1742 621 1831 650 cor-

294 674 386 724 tice,
418 675 464 714 ut
497 673 667 715 Ovidius
695 673 971 726 Apollodorus
1003 673 1283 727 Lycophronis
1314 674 1538 716 scholiasta
1562 676 1828 728 Nicephorus.

297 739 373 781 Cui
403 740 461 781 rei
493 739 658 781 Servius
691 740 821 781 altero
853 740 941 781 loco
974 741 1113 793 (Verg.
1136 741 1237 783 Aen.
1260 741 1309 794 V,
1343 742 1410 790 72)
1450 742 1568 794 plura
1599 742 1722 784 verba
1751 742 1831 783 im-

294 806 458 859 pendit:
501 806 725 861 ‘percussa,
766 809 811 848 ut
843 807 1012 861 quidam
1043 807 1200 857 volunt,
1233 821 1255 849 a
1288 809 1418 860 patris
1449 808 1588 862 gladio
1604 811 1627 859 ¹,
1660 810 1706 850 ut
1738 809 1830 862 qui-

295 873 402 923 dam,
436 874 486 915 ab
516 886 614 926 apro
645 876 864 928 parvulum
898 870 1050 916 edidit'
1084 876 1156 926 (sc.
1182 875 1352 928 Myrrha
1382 876 1426 916 iu
1457 876 1641 917 arborem
1673 875 1830 927 versa);

294 940 423 982 altero
470 941 610 995 (Verg.
660 942 760 983 Buc.
801 942 852 989 X,
908 943 976 993 18)
1024 944 1193 984 tantum
1240 942 1288 983 de
1335 942 1422 995 apri
1467 942 1587 983 dente
1631 943 1830 995 loquitur.

297 1008 420 1060 Apud
453 1007 645 1050 Ovidium
678 1022 715 1051 v.
750 1010 831 1050 510
864 1022 920 1062 sq.
952 1010 1106 1051 Lucina
1141 1022 1257 1062 opem
1289 1009 1367 1050 fert
1408 1008 1700 1063 ‘admovitque
1741 1022 1830 1051 ma—

294 1087 369 1115 nus
401 1076 440 1116 et
469 1076 592 1117 verba
616 1089 811 1129 puerpera
831 1076 952 1117 dixit'
971 1078 997 1118 2.
1018 1101 1068 1105 ——
1088 1077 1203 1119 Unus
1224 1076 1401 1118 Ovidius
1424 1076 1598 1129 denique
1619 1076 1829 1130 Myrrham

295 1154 364 1194 per
385 1142 519 1184 varias
543 1143 672 1185 terras
705 1145 927 1197 vagantem
961 1144 1083 1198 fingit
1114 1157 1150 1185 v.
1169 1144 1248 1185 477
1267 1157 1325 1197 sq.
1344 1146 1373 1194 ³,
1405 1157 1509 1197 quae
1526 1144 1665 1186 Servio
1686 1144 1830 1198 (Verg.

296 1209 395 1250 Buc.
419 1209 470 1262 X,
495 1211 564 1261 18)
602 1212 641 1252 et
664 1211 882 1252 Lactantio
907 1211 1077 1253 Placido
1103 1212 1269 1253 auctore
1296 1211 1338 1252 in
1365 1211 1491 1252 silvas
1518 1212 1683 1252 tantum
1707 1211 1830 1262 fugit.

295 1275 372 1317 Sed
396 1276 533 1318 Ovidii
567 1279 865 1332 geographicas
898 1279 1084 1320 notiones
1116 1279 1150 1319 si
1173 1279 1225 1320 ad
1248 1278 1388 1319 vivum
1411 1291 1591 1320 resecare
1612 1278 1829 1329 studueris,

293 1343 404 1384 haud
434 1343 591 1385 levibus
619 1344 927 1397 impedimentis
958 1345 1261 1398 illaqueaberis,
1295 1346 1341 1386 ut
1373 1345 1527 1386 dudum
1561 1345 1730 1399 Dilthey
1760 1346 1830 1387 ob-

293 1411 475 1451 servavit
513 1410 558 1463 (l.
591 1411 617 1452 l.
648 1424 686 1464 p.
719 1410 806 1464 48).
865 1412 979 1453 Licet
1018 1412 1126 1453 enim
1165 1412 1348 1465 poeticae
1387 1412 1579 1453 licentiae
1615 1411 1828 1462 condones,

295 1477 402 1530 quod
434 1477 486 1518 ad
518 1476 697 1531 Cyprum
729 1478 921 1531 insulam,
963 1478 1069 1520 unde
1102 1479 1309 1532 profectus
1342 1480 1414 1529 est,
1456 1490 1668 1531 nunquam
1706 1479 1829 1531 respi—

294 1546 390 1598 ciat,
423 1558 555 1586 nonne
587 1545 657 1598 qui
680 1545 913 1586 Panchaiae
943 1545 1084 1586 telluri
1114 1546 1331 1596 irascatur,
1367 1545 1477 1599 quod
1509 1558 1692 1587 murram
1724 1545 1831 1587 ferat

294 1625 330 1653 v.
369 1612 470 1661 309,
526 1611 634 1653 idem
679 1613 820 1664 postea
864 1612 1128 1666 neglegenter
1170 1613 1313 1654 scribit
1352 1613 1562 1666 Myrrham
1610 1611 1827 1654 Panchaea

293 1691 390 1720 rura
432 1679 644 1732 reliquisse
682 1680 721 1720 et
761 1678 918 1721 Sabaea
955 1680 1091 1732 potius
1129 1681 1238 1721 terra
1278 1680 1427 1721 fessam
1465 1679 1633 1720 tandem
1668 1679 1827 1732 requie-

293 1747 428 1787 visse?
486 1748 550 1787 An
595 1746 646 1788 ad
685 1745 816 1788 Servii
862 1747 999 1788 locum
1045 1748 1186 1801 (Verg.
1219 1746 1366 1800 Georg.
1399 1747 1452 1797 II,
1488 1747 1602 1799 115):
1649 1745 1825 1788 ‘Arabia

293 1813 503 1854 Panchaia
535 1815 575 1854 et
606 1813 857 1855 Sabaeorum
888 1827 987 1867 gens
1020 1815 1159 1856 eadem
1192 1816 1264 1868 est,
1297 1814 1405 1868 apud
1438 1827 1561 1867 quam
1593 1816 1660 1854 tus
1693 1814 1828 1855 nasci-

292 1880 379 1920 tur'
417 1880 593 1934 refugies
625 1882 665 1922 et
696 1881 876 1934 puellam
909 1882 1028 1935 quasi
1059 1883 1100 1923 in
1131 1895 1233 1936 gyro
1265 1883 1572 1932 circumactam,
1605 1881 1712 1922 unde
1733 1893 1826 1933 pro-

294 1947 400 1989 fecta
431 1947 497 1998 sit,
542 1947 681 1989 eodem
715 1949 866 1989 reverti
897 1950 1084 1991 statues?
1145 1950 1277 1991 Immo
1317 1962 1408 1990 cum
1448 1949 1576 1990 totius
1616 1947 1695 1989 loci
1731 1959 1827 1988 con-

293 2014 487 2056 formatio
520 2017 765 2068 argumento
798 2016 852 2056 sit
874 2015 1070 2058 Ovidium
1100 2017 1167 2058 hic
1198 2016 1415 2057 discrimen
1438 2015 1582 2057 fecisse
1603 2014 1712 2054 inter
1732 2013 1826 2054 illas

291 2082 445 2134 gentes,
477 2081 600 2134 fugae
628 2081 835 2124 fictionem
866 2084 976 2125 haud
1006 2084 1221 2125 fortuitam
1256 2096 1339 2125 esse
1370 2081 1623 2124 crediderim.
1685 2079 1829 2121 Potuit

292 2160 389 2189 sane
420 2148 614 2195 Libanus,
647 2163 750 2203 quae
783 2152 843 2191 est
874 2150 1039 2192 fabulae
1071 2163 1218 2192 scaena
1251 2150 1358 2203 apud
1391 2149 1661 2198 Antoninum,
1695 2148 1730 2189 ei
1755 2147 1827 2188 ob-

292 2215 467 2263 versari3
499 2215 646 2258 Sabaei
676 2217 784 2258 enim
815 2218 1037 2259 secundum
1069 2217 1276 2259 Isidorum
1309 2217 1438 2270 (Orig.
1470 2216 1522 2266 X,
1555 2217 1592 2256 2.
1624 2215 1695 2264 49)
1725 2213 1827 2267 ‘ipsi

290 2283 388 2323 sunt
425 2283 465 2324 et
494 2283 663 2338 Arabes,
709 2285 779 2338 qui
816 2285 858 2326 in
897 2285 1105 2326 montibus
1137 2285 1315 2326 Arabiae
1354 2286 1463 2335 sunt,
1510 2283 1580 2337 qui
1622 2283 1826 2324 vocantur

430 2440 441 2459 ¹
467 2439 591 2474 Unum
617 2439 686 2474 hoc
711 2440 865 2475 tradunt
890 2445 1083 2485 praeterea
1109 2440 1377 2486 Mythographi
1404 2439 1586 2475 Vaticani.

426 2499 439 2519 ²
468 2499 679 2533 Antoninus
718 2503 863 2543 patrem
899 2503 1059 2534 mortem
1097 2503 1228 2544 sponte
1271 2500 1467 2544 sumpsisse
1503 2498 1691 2543 perhibet3
1734 2497 1825 2532 item

294 2556 462 2601 Hyginus
488 2557 512 2591 f.
545 2559 625 2592 242.

425 2616 437 2634 ³
463 2615 702 2650 Nemesianus
731 2617 904 2662 Cyneget.
931 2630 965 2651 v.
994 2619 1038 2651 ‘26
1065 2630 1136 2661 sq.:

490 2673 666 2716 Byblidos
693 2675 874 2709 indictum
901 2675 995 2709 nulli
1022 2676 1158 2710 scelus:
1186 2676 1300 2720 impia
1326 2676 1500 2720 Myrrhae

492 2733 676 2767 connubia
701 2737 737 2768 et
763 2745 870 2768 saevo
898 2734 1079 2768 violatum
1106 2735 1259 2768 crimine
1284 2738 1430 2779 patrem

490 2791 671 2831 novimus,
697 2795 811 2835 utque
839 2792 1007 2826 Arabum
1033 2791 1178 2837 fugiens
1206 2804 1288 2827 cum
1314 2796 1483 2837 carperet
1510 2803 1598 2826 arva

490 2848 560 2882 ivit
586 2849 623 2882 in
650 2850 822 2884 arboreas
850 2850 1000 2885 frondes
1028 2851 1261 2895 animamque
1288 2852 1471 2886 virentem

290 2904 466 2940 Ovidium
493 2912 579 2941 ante
606 2908 730 2942 oculos
756 2908 928 2943 habuisse
955 2909 1103 2943 videtur
1130 2909 1186 2951 (cf.
1216 2909 1280 2944 Ov.
1307 2912 1389 2944 Art.
1415 2913 1497 2944 Am.
1524 2910 1552 2953 Ι,
1580 2911 1648 2944 283
1667 2907 1758 2954 ἐ(Ῑ.).
