1912 3310
950 183 1017 219 116

221 312 313 341 011111
345 297 437 340 Sole
466 298 788 340 commutatione
819 296 928 352 (1.1.)
961 297 1248 339 Alexandrinis
1284 297 1438 340 usitata
1473 295 1748 350 (cf.Schneid.

219 366 246 407 l.
277 366 303 406 l.
335 379 372 419 p.
409 364 518 419 199).
572 388 624 393 —
666 365 847 406 Eandem
880 366 1019 406 autem
1052 365 1182 405 artem
1218 363 1372 405 redolet
1401 364 1488 405 tam
1518 365 1589 406 ille
1618 364 1749 406 flavus

222 432 352 485 pudor
383 434 524 474 tenera
561 444 630 473 ora
660 432 855 484 tinguens
895 431 989 482 (Ov.
1020 431 1046 472 l.
1078 431 1105 472 l.
1137 431 1228 472 Sen.
1259 430 1286 471 1.
1317 431 1376 482 1.),
1427 431 1589 484 qualem
1629 431 1750 484 poeta

221 500 553 541 [1110010011101131
589 498 774 552 Bathylli
806 498 922 551 genis
949 497 1144 550 pictorem
1169 497 1367 538 obducere
1388 498 1598 551 praecipit,
1625 510 1749 551 quam

221 567 360 620 capilli
394 567 507 607 nulla
538 566 629 618 lege
661 566 838 606 iacentes
870 565 909 605 et
939 564 1171 616 incomptus
1203 564 1333 614 (10001,
1371 576 1491 617 quem
1520 566 1559 606 et
1579 563 1750 605 Ovidius

221 636 264 686 (l.
299 634 324 676 l.
358 647 393 675 v.
428 634 478 674 75
509 634 586 686 sq.)
621 633 661 673 et
692 631 844 673 Seneca
877 631 930 682 (V.
963 631 1055 672 657.
1089 630 1187 684 803)
1220 631 1438 672 celebrant.
1498 631 1604 672 Nam
1639 630 1752 684 cogi-

220 703 310 743 tata
359 700 523 741 habitus
568 698 829 751 neglegentia
879 698 1092 750 respondet
1141 698 1173 739 si
1221 697 1319 751 quid
1362 710 1545 751 unquam
1593 699 1750 740 exculto

221 767 415 821 pingendi
460 766 561 807 artis
607 765 737 806 amori
783 777 830 806 ac
874 764 1025 806 studio.
1085 765 1231 818 Itaque
1274 765 1393 817 poeta
1437 764 1506 805 ille
1544 764 1751 807 cincinnos

223 834 515 886 incompositos
552 833 591 873 in
637 832 751 885 pueri
787 832 848 872 sui
889 831 1070 885 imagine
1108 832 1265 873 effictos
1308 832 1399 872 vult
1416 833 1443 882 2,
1489 832 1528 873 et
1569 832 1754 884 picturae

222 901 498 953 Pompeianae
530 899 690 941 abunde
721 899 823 940 talia
854 899 1081 940 illustrant.
1120 923 1166 927 —
1208 899 1295 940 Iam
1324 899 1455 951 igitur
1486 899 1669 951 paratior
1700 899 1751 940 ad

221 967 511 1009 examinandos
535 966 635 1007 duos
658 966 795 1008 Ovidii
829 966 938 1007 locos
970 966 1154 1018 procedo.
1214 967 1263 1007 In
1294 966 1424 1007 altero
1454 966 1513 1007 ita
1545 966 1752 1019 componit

222 1034 376 1076 Theseo
406 1033 539 1074 filium
571 1033 661 1073 Art.
693 1034 785 1074 Am.
818 1033 848 1083 Ι,
880 1033 960 1073 509
992 1045 1068 1085 sq.:

359 1118 507 1158 Forma
538 1117 646 1157 viros
679 1116 867 1169 neglecta
902 1116 1027 1158 decet.
1088 1116 1273 1158 Minoida
1305 1117 1481 1158 Theseus

421 1184 608 1234 abstulit,
640 1196 663 1224 a
695 1184 809 1225 nulla
841 1186 1026 1236 tempora
1059 1185 1244 1236 comptus
1276 1196 1364 1226 acu.

359 1251 629 1304 Hippolytum
660 1250 860 1301 Phaedra,
895 1263 967 1292 nee
1002 1252 1090 1292 erat
1120 1251 1221 1292 bene
1253 1251 1400 1301 cultus,
1433 1251 1605 1292 amavit.

226 1337 273 1378 In
306 1336 454 1389 quibus
485 1336 604 1387 poeta
636 1335 878 1387 neutiquam
910 1334 1036 1376 libere
1066 1335 1189 1383 lusit;
1236 1348 1331 1376 nam
1363 1335 1411 1376 de
1443 1335 1587 1376 Thesei
1625 1336 1754 1388 capi]-

224 1404 356 1445 lorum
391 1403 505 1444 cultu
538 1402 657 1454 plura
690 1402 882 1442 sciurus-⁵⁵.
917 1424 967 1430 —
998 1402 1151 1442 Iterum
1177 1415 1269 1443 vero
1302 1403 1417 1454 pater
1447 1403 1487 1443 et
1517 1401 1626 1443 filius
1658 1415 1754 1443 con-

224 1471 412 1511 feruntur
444 1471 484 1510 in
517 1469 704 1510 distichis
736 1468 798 1508 illi
829 1468 1028 1520 epistulae
1060 1468 1148 1509 loco
1181 1469 1534 1521 praecedentibus:

357 1554 447 1594 Hoc
478 1564 639 1605 quoque
670 1551 797 1592 fatale
826 1552 898 1604 est,
930 1551 1086 1604 placuit
1117 1551 1262 1593 doinus
1294 1565 1375 1593 una
1406 1552 1583 1601 duabus;

422 1633 486 1661 nie
516 1621 589 1660 tua
620 1619 752 1660 forma
784 1618 907 1671 capit,
941 1620 1061 1671 capta
1094 1620 1261 1671 parente
1292 1631 1417 1661 soror.

359 1686 575 1728 Theseides
607 1686 865 1738 Theseusque
896 1685 997 1727 duas
1028 1699 1197 1738 rapuere
1227 1699 1406 1728 sorores:

425 1755 563 1807 ponite
594 1753 642 1794 de
674 1754 814 1794 nostra
845 1752 941 1794 bina
974 1754 1142 1805 tropaea
1173 1753 1294 1794 domo
1308 1756 1336 1794 4.

225 1837 439 1878 Phaedrae
470 1836 707 1890 provocatio
738 1835 789 1877 ad
821 1837 950 1877 fatum
983 1836 1205 1878 artificium
1239 1838 1299 1878 est
1331 1836 1544 1889 tragoedia
1565 1837 1758 1891 dignum3

229 1916 307 1957 quo
346 1903 583 1957 Euripidem
622 1915 663 1944 re
700 1915 796 1945 vera
842 1916 962 1944 usum
1009 1916 1092 1945 esse
1129 1903 1281 1945 Seneca
1327 1903 1570 1945 documento
1614 1905 1676 1945 est
1721 1917 1756 1946 v.

224 1972 305 2012 665
340 1984 419 2025 sq.:

361 2150 369 2169 ¹
397 2151 532 2184 Anacr.
565 2149 662 2193 XVI,
689 2162 723 2184 v.
750 2151 792 2184 18
821 2162 873 2194 sq.
923 2150 1048 2196 Bergk
1071 2150 1111 2184 P.
1139 2150 1180 2184 L.
1209 2150 1264 2185 ed.
1290 2150 1354 2184 III.
1380 2162 1414 2195 p.
1445 2152 1546 2185 1055.

363 2209 376 2228 2
402 2209 538 2242 Anacr.
565 2209 587 2242 1.
614 2209 636 2243 1.
664 2221 696 2243 v.
725 2209 746 2242 6
772 2221 824 2253 sq.
878 2209 930 2243 Cf.
958 2210 1070 2244 Anth.
1098 2209 1174 2243 Pal.
1201 2209 1283 2249 XII,
1312 2210 1389 2244 192.

360 2267 373 2287 ³
400 2267 621 2302 Plutarchus
662 2268 783 2311 (Thes.
823 2280 851 2303 0.
887 2269 932 2314 V)
972 2269 1016 2304 de
1053 2269 1192 2304 Theseo
1231 2271 1377 2303 narrat:
1421 2269 1583 2313 ἐκείρατο
1621 2269 1662 2303 δὲ
1699 2270 1759 2313 τῆς

228 2326 388 2372 κεφαλῆς
413 2324 454 2359 τὰ
482 2322 652 2370 πρόσθεν
676 2323 806 2371 μόνον,
833 2323 956 2372 ὥσπερ
973 2324 1132 2373 Ὅμηρος
1157 2328 1229 2374 ἔφη
1256 2325 1337 2365 τοὺς
1352 2323 1538 2371 Ἄβαντας·
1571 2330 1631 2361 καὶ
1656 2328 1758 2361 τοῦτο

225 2385 285 2427 τῆς
311 2385 441 2430 κουρᾶς
466 2383 504 2418 τὸ
533 2387 640 2428 γένος
667 2386 799 2428 Θησηῒς
826 2383 1032 2432 ὠνομάσθη
1058 2386 1104 2419 ‹51’
1131 2387 1281 2421 ἐκεῖνον.
1333 2385 1386 2421 Cf.
1411 2386 1581 2422 Schneid.
1609 2386 1696 2421 Call.
1722 2386 1756 2420 II

225 2455 260 2487 p.
292 2444 370 2478 184.
420 2443 545 2478 Naeke
572 2444 595 2478 ].
622 2444 644 2478 1.
674 2456 708 2488 p.
738 2445 815 2479 159.

361 2504 374 2522 4
399 2502 506 2537 Haud
533 2506 672 2537 temere
696 2503 864 2538 conicere
883 2503 1010 2538 videor
1027 2507 1176 2548 poetam
1194 2503 1490 2538 Alexandrinum
1508 2503 1629 2538 nescio
1649 2515 1758 2548 quem

225 2560 357 2595 Thesei
384 2561 420 2595 in
447 2561 556 2596 Creta
581 2562 763 2596 versantis
790 2574 847 2596 res
874 2566 994 2607 gestas
1014 2563 1266 2597 illustrantem
1287 2562 1363 2597 eius
1381 2562 1659 2607 pulchritudine
1677 2562 1758 2597 fuse

226 2619 460 2664 depingenda
486 2621 675 2664 exemplar
701 2621 948 2665 proposuisse,
991 2621 1037 2655 ad
1063 2621 1162 2665 quod
1187 2621 1345 2656 fortasse
1370 2621 1578 2656 revocanda
1603 2621 1679 2655 sint
1703 2621 1757 2655 di-

227 2680 325 2711 serta
352 2678 396 2712 de
422 2677 554 2713 Thesei
581 2679 770 2713 Ariadnae
795 2680 958 2724 raptoris
984 2680 1264 2724 pulchritudine
1297 2680 1527 2715 testimonia:
1568 2680 1702 2725 Hygin.
1731 2679 1757 2713 f.

226 2735 305 2768 270.
345 2734 444 2769 Serv.
464 2735 576 2781 Verg.
604 2739 696 2771 Aen.
725 2738 785 2779 VJ,
816 2740 868 2772 14.
908 2738 1096 2784 Mythogr.
1117 2739 1231 2773 Vatic.
1258 2739 1286 2783 Ι,
1312 2740 1375 2782 43;
1402 2738 1446 2783 ΙΙ,
1469 2740 1545 2772 124.
1585 2738 1757 2773 Eustath.

226 2793 376 2837 Dionys.
404 2794 546 2840 Perieg.
578 2798 677 2830 1017.
720 2797 860 2832 Choric.
888 2798 942 2831 ed.
971 2797 1085 2831 Boiss.
1114 2809 1148 2842 p.
1180 2799 1259 2832 158.
1287 2818 1327 2822 —
1356 2797 1521 2831 Catullus
1550 2795 1594 2840 (c.
1622 2795 1757 2840 LXIV)

225 2853 380 2896 sparsim
414 2853 460 2887 ad
485 2853 607 2888 herois
632 2855 949 2898 pulchritudinem
976 2856 1109 2890 alludit
1136 2856 1193 2900 (cf.
1215 2868 1246 2891 v.
1267 2857 1322 2891 98.
1347 2856 1436 2899 175),
