1912 3310
1007 168 1055 201 44

267 281 307 322 et
338 293 375 322 v.
406 281 487 322 209
515 293 597 333 sq.:

467 359 539 388 cur
568 347 608 388 in
632 348 798 400 penates
829 347 963 388 rarius
994 347 1135 388 tenues
1167 347 1278 388 subit

465 414 563 455 haec
593 414 792 455 delicatas
823 414 977 467 eligens
1008 413 1132 466 pestis
1163 413 1334 454 domos?
1366 427 1398 455 e.
1431 428 1467 468 q.
1499 427 1528 455 s.

269 480 755 522 Accommodatissimum
789 481 928 521 autem
959 480 1010 521 ad
1041 480 1280 534 tragoediae
1301 480 1549 534 dignitatem
1582 480 1708 522 etiam
1739 481 1795 531 id,

269 547 377 599 quod
419 547 576 596 chorus,
627 547 696 599 qui
734 547 853 587 modo
895 559 1039 588 caecae
1078 547 1267 588 fortunae
1303 547 1483 588 ludibria
1522 547 1795 600 exprobravit,

268 613 351 654 iam
385 613 447 654 his
477 613 865 655 ratiocinationibus
896 613 1032 666 priora
1064 614 1248 655 convicia
1280 615 1398 667 quasi
1431 614 1680 667 compensat.
1739 614 1797 655 At

270 679 434 729 Seneca,
467 680 536 733 qui
567 681 699 721 totam
729 680 1010 721 oeconomiam
1040 680 1083 720 in
1116 680 1195 721 fine
1226 680 1391 722 fabulae
1423 680 1617 730 mutavit,
1650 679 1798 721 Graeci

269 747 508 799 exemplaris
554 747 746 788 subtilem
794 747 1112 799 argumentandi
1159 747 1413 801 elegantiam
1458 747 1652 800 abolevit,
1704 759 1796 788 cum

269 813 488 855 decantata
536 814 759 856 sententia:
823 812 1074 855 tFortunam
1126 814 1230 855 nulli
1278 814 1399 856 fidem
1447 809 1680 868 praestare'
1733 816 1799 857 in-

270 881 481 922 commode
508 881 697 922 immixta
729 881 779 923 ad
810 882 1009 922 Theseum
1045 882 1285 934 provocavit
1316 895 1353 923 v.
1389 883 1492 924 1141
1526 895 1586 936 sq.
1637 883 1703 925 Ad
1732 896 1798 925 ex-

268 949 458 998 tremum,
504 949 537 990 si
581 950 690 990 recte
735 949 869 990 adhuc
915 949 1136 1001 disputavi,
1183 948 1225 988 in
1274 949 1407 1001 priore
1445 950 1671 1004 Hippolyto
1716 964 1798 993 non

270 1015 484 1069 legebatur
522 1016 772 1057 retractatae
814 1016 978 1057 fabulae
1014 1015 1212 1056 stasimon
1244 1016 1438 1069 quartum
1473 1017 1566 1069 post
1604 1017 1798 1059 nuntium

270 1082 318 1123 de
349 1081 565 1136 Hippolyti
596 1084 739 1124 morte.
810 1083 874 1124 An
910 1083 956 1122 tu
995 1082 1071 1123 hoc
1108 1081 1196 1123 loco
1233 1083 1399 1123 Amoris
1444 1084 1661 1136 praeconia
1702 1096 1799 1137 gra-

270 1150 363 1190 vate
394 1149 670 1190 desiderares?
730 1149 833 1190 Mihi
877 1148 1043 1201 quidem
1079 1161 1236 1201 semper
1273 1150 1405 1190 visum
1455 1151 1515 1190 est
1559 1151 1602 1191 in
1633 1151 1799 1192 Amoris

268 1217 348 1257 ista
381 1215 618 1256 laudatione
647 1228 791 1268 parum
824 1216 918 1268 apte
949 1215 1156 1256 inculcata
1191 1239 1237 1243 —
1272 1228 1366 1257 nam
1400 1216 1538 1257 Venus
1569 1229 1649 1259 non
1681 1218 1799 1270 pueri

270 1283 334 1324 sui
363 1282 505 1323 divina
543 1283 680 1336 gratia
726 1295 773 1323 ac
808 1283 1023 1323 venustate
1067 1282 1228 1323 heroem
1259 1282 1432 1331 domuit,
1479 1283 1549 1324 sed
1594 1284 1799 1326 malarum

269 1349 424 1391 art-inm
473 1351 613 1402 aperta
651 1349 691 1390 vi
732 1350 936 1390 insontem
983 1349 1181 1402 oppressit
1223 1373 1268 1378 —
1302 1350 1489 1392 suturam
1534 1351 1799 1405 neglegenter

269 1417 520 1457 retractatae
550 1417 652 1457 artis
683 1416 930 1458 delitescere.
991 1415 1067 1458 Cui
1105 1416 1328 1469 suspicioni
1359 1415 1510 1458 Seneca
1554 1417 1631 1459 hoc
1676 1418 1798 1460 choro

269 1483 402 1536 priore
434 1483 522 1524 loco
552 1483 704 1525 abusus
736 1483 854 1525 valde
885 1484 1101 1525 succurrit.

404 1550 465 1591 De
496 1550 705 1603 Sophoclis
737 1550 938 1601 Phaedra,
971 1563 1074 1604 quae
1105 1550 1147 1591 in
1178 1551 1256 1592 hac
1286 1551 1335 1592 de
1367 1550 1605 1605 Hippolytis
1634 1551 1801 1604 Euripi-

270 1616 355 1658 deis
387 1617 666 1670 disputatione
698 1618 872 1659 alicuius
894 1617 1091 1659 momenti
1123 1630 1208 1659 esse
1233 1617 1436 1667 videatur,
1468 1630 1598 1670 pauca
1620 1631 1719 1671 opus
1741 1619 1801 1660 est

270 1684 477 1735 disserere,
500 1686 722 1738 antequam
741 1698 923 1738 pergam.
957 1684 1088 1737 Quam
1107 1685 1271 1738 quidem
1290 1684 1474 1726 fabulam
1492 1685 1563 1737 qui
1580 1698 1625 1727 ex
1640 1685 1799 1736 laceris,

271 1750 418 1803 quibus
463 1751 639 1804 benigna
680 1764 766 1793 sors
808 1752 925 1803 favit,
971 1752 1161 1793 frustulis
1202 1752 1333 1805 iisque
1373 1752 1596 1793 maximam
1642 1753 1801 1806 partem

269 1819 527 1869 generalibus
561 1819 848 1872 habilibusque
881 1819 922 1859 in
962 1831 1124 1860 omnem
1160 1820 1319 1872 partem
1360 1819 1574 1860 sententiis
1621 1832 1690 1872 per
1727 1832 1800 1861 sua

271 1885 387 1938 quasi
437 1885 627 1927 tabulata
674 1885 938 1927 exaedificare
984 1887 1200 1939 conentur,
1250 1898 1408 1935 vereor,
1460 1898 1508 1927 ne
1549 1885 1716 1928 videant
1757 1886 1799 1927 in

269 1952 422 1993 somnis
467 1953 667 2006 quidquid
712 1952 932 2003 voluerint,
987 1953 1136 2007 quibus
1182 1953 1431 1994 coniectores
1476 1952 1659 1994 defuturi
1704 1953 1798 1995 sint.

271 2019 457 2061 Welcker
501 2022 652 2067 autem,
696 2021 932 2073 ingeniosus
971 2021 1041 2061 ille
1083 2020 1297 2061 divinandi
1334 2019 1496 2072 artifex,
1547 2019 1589 2060 in
1627 2020 1801 2073 inexpli-

271 2087 420 2129 cabilia
451 2086 618 2129 dumeta
648 2088 840 2140 abreptus
873 2088 944 2137 est,
993 2099 1084 2127 cum
1117 2086 1374 2139 Asclepiadis
1413 2087 1713 2137 consarcinata,
1754 2088 1801 2127 ut

272 2155 513 2205 videbimus,
560 2155 797 2196 narratione
835 2155 885 2196 ad
928 2154 1205 2196 oeconomiam
1247 2154 1412 2195 fabulae
1451 2154 1701 2206 Sophocleae
1737 2155 1801 2196 in-

270 2222 540 2264 staurandam
581 2223 764 2264 uteretur
804 2223 843 2263 et
882 2221 1077 2263 Ovidium
1114 2221 1156 2262 in
1197 2222 1345 2274 quarta
1385 2221 1561 2263 Heroide
1604 2221 1656 2262 ad
1697 2222 1803 2264 hanc

268 2289 399 2342 ipsam
422 2289 605 2331 fabulam
631 2302 671 2330 se
692 2289 936 2342 applicuisse
958 2290 1139 2330 censeret
1159 2291 1181 2329 ¹.
1224 2288 1346 2329 Hunc
1369 2288 1403 2329 si
1426 2288 1557 2335 andis,
1588 2288 1801 2330 Phaedrae

271 2355 518 2408 Sophocleae
548 2369 679 2398 mores
711 2369 790 2398 non
830 2356 1052 2398 admodum
1084 2355 1235 2396 diversi
1272 2355 1439 2396 fuerunt
1476 2355 1528 2396 ab
1558 2355 1802 2408 Euripideae

407 2544 418 2563 ¹
444 2543 485 2578 L.
511 2544 534 2577 1.
561 2556 596 2588 p.
625 2545 694 2578 394
721 2557 773 2589 sq.
797 2565 840 2570 —-
868 2545 988 2580 Hiller
1014 2546 1040 2579 1.
1065 2546 1088 2579 1.
1118 2557 1153 2590 p.
1174 2546 1218 2578 34
1244 2556 1296 2589 sq.
1322 2544 1417 2578 nihil
1442 2543 1520 2579 fere
1546 2544 1632 2579 novi
1659 2545 1800 2589 attulit,

271 2602 343 2635 nisi
370 2602 468 2645 quod
495 2601 667 2637 Senecam
701 2607 849 2648 praeter
875 2605 1121 2649 Hippolytum
1157 2604 1402 2648 posteriorem
1429 2602 1619 2647 Sophoclis
1654 2607 1800 2649 tragoe-

271 2662 370 2696 diam
409 2662 565 2696 fortasse
605 2663 745 2696 imitari
778 2667 880 2696 ratus
913 2667 969 2697 est
1007 2668 1055 2707 (p.
1083 2663 1152 2707 48).
1203 2662 1309 2697 Talia
1348 2662 1422 2696 iam
1460 2662 1571 2696 missa
1607 2662 1798 2696 faciamus.

273 2721 405 2755 Swahn
432 2721 492 2764 (de
516 2722 710 2765 Hippolyti
737 2721 894 2756 Senecae
920 2722 1047 2756 fabula
1073 2722 1088 2755 I
1115 2722 1237 2757 Holm.
1269 2722 1373 2763 1857)
1406 2721 1495 2755 item
1522 2720 1714 2754 contendit
1740 2719 1799 2754 Se-

271 2792 399 2814 necam
431 2780 620 2824 Sophoclis
648 2780 853 2814 Phaedram
880 2781 1031 2815 imitari.
1090 2781 1187 2814 Mihi
1222 2792 1296 2815 non
1331 2780 1437 2813 licuit
1469 2779 1546 2814 eius
1580 2779 1719 2813 librum
1744 2779 1798 2812 in-

274 2838 432 2882 spicere3
459 2837 503 2873 cf.
533 2837 677 2872 Teuffel
704 2837 810 2872 Rom.
836 2838 1169 2884 Litteraturgesoh.
1197 2839 1247 2883 (3)
1272 2838 1291 2881 ξ
1319 2839 1399 2872 290.
1426 2839 1457 2872 6.
