1912 3310
900 212 945 246 85

156 325 232 367 bus
261 324 371 366 haud
402 324 559 366 levibus
591 338 683 367 curn
715 325 919 368 Ovidiana
950 327 1164 380 congruat.
1211 351 1263 357 —
1310 327 1464 370 Cinnae
1512 329 1686 383 denique

156 391 321 434 doctum
358 404 584 445 novemque
621 393 739 435 annis
770 393 983 435 elimatum
1024 406 1072 435 ac
1110 394 1357 447 perpolitum
1391 407 1555 437 carmen
1588 395 1686 438 Ovi-

155 459 222 501 dio
268 471 348 500 non
388 458 626 510 innotuisse,
673 461 762 513 quis
793 461 865 511 est,
899 461 969 514 qui
1000 461 1265 514 pertinaciter
1299 474 1476 504 asserere
1505 463 1685 505 audeat?

156 525 401 579 Quanquam
433 538 563 579 neque
594 527 786 568 carminis
818 528 1059 579 obscuritas,
1093 529 1242 582 quippe
1263 529 1370 582 quod
1399 529 1685 582 grammaticis

154 605 296 635 verum
325 587 558 646 γυμνάσιον
588 590 650 642 εἷς
681 588 874 648 ἐξήγησιν
904 595 1028 637 fuisse
1054 595 1255 646 videatur,
1288 608 1416 649 neque
1437 596 1683 649 fragmenta,

158 659 235 701 etsi
264 659 514 712 paucissima
535 660 704 710 restant,
736 661 946 713 probabile
968 662 1144 703 reddunt
1167 662 1372 704 Nasonem
1403 664 1445 704 in
1476 663 1560 704 eius
1591 663 1686 704 imi-

153 726 312 769 tatione
342 726 516 768 defixum
549 727 684 777 fuisse,
717 740 766 769 ne
795 727 929 770 dicam
962 729 1011 770 de
1032 729 1202 771 diversis
1225 730 1415 772 heroinae
1436 730 1684 772 nominibus.

152 793 297 847 Itaque
336 793 456 845 absit,
502 793 549 834 ut
585 793 648 834 illi
691 794 983 847 epigrammati
1021 795 1062 836 in
1098 795 1346 838 Crassicium
1384 797 1559 838 nimium
1596 809 1685 838 mo-

153 862 281 904 menti
312 862 354 903 in
384 862 460 903 hac
490 861 728 915 quaestione
759 862 1000 903 attribuam.

286 928 363 971 Sed
391 952 444 957 —
475 941 523 970 ne
553 941 616 970 me
647 923 799 982 pudeat
832 929 954 971 fateri
986 942 1049 971 me
1080 930 1245 982 nescire,
1277 930 1385 984 quod
1418 931 1597 973 nesciam
1628 956 1683 961 —

152 995 326 1038 ulterius
359 996 604 1038 coniecturis
636 996 851 1049 captandis
869 997 1060 1050 progredi
1092 997 1199 1038 nolo.
1247 997 1369 1040 Vides
1402 999 1510 1040 enim
1531 1012 1682 1054 magno

151 1064 411 1105 incommodo
459 1065 597 1105 nostro
647 1064 747 1105 haec
794 1065 931 1106 omnia
974 1064 1174 1106 fluctuare
1219 1078 1348 1118 neque
1392 1067 1569 1108 multum
1611 1080 1683 1109 nos

151 1131 305 1172 lucrari
336 1131 453 1172 vanis
476 1131 722 1179 nominibus,
755 1144 928 1184 quorum
957 1132 1198 1173 auctoritati
1221 1132 1418 1186 ambigua
1444 1134 1682 1176 testimonia

153 1198 408 1248 succurrant,
454 1198 763 1240 subodorandis.
825 1199 873 1240 In
913 1199 974 1240 his
1015 1200 1088 1241 aut
1129 1212 1245 1241 nemo
1286 1212 1469 1253 unquam
1508 1201 1682 1244 certiora

153 1265 255 1306 scire
286 1265 435 1318 poterit
470 1266 542 1307 aut
571 1265 605 1306 is
633 1265 810 1316 demum,
853 1266 923 1319 qui
956 1278 1093 1307 omnes
1125 1266 1305 1308 cuiusvis
1337 1268 1517 1309 auctoris
1547 1268 1682 1309 trans-

152 1332 448 1374 formationum
488 1333 746 1374 narrationes
788 1345 881 1373 cum
913 1332 1127 1375 Ovidianis
1161 1334 1410 1387 compararit
1439 1335 1479 1376 et
1509 1335 1682 1376 circum-

152 1400 342 1453 spectius,
387 1413 509 1453 quam
542 1400 638 1441 olim
673 1399 942 1450 Mellmannl,
988 1400 1062 1441 sub
1104 1413 1184 1442 uno
1223 1402 1443 1454 conspectu
1489 1402 1681 1455 posuerit.

152 1467 326 1509 Interim
361 1467 545 1509 docuisse
583 1468 684 1509 satis
724 1468 852 1509 habeo
890 1479 981 1508 cum
1014 1467 1208 1510 Ovidium
1254 1468 1355 1510 alios
1400 1469 1586 1510 auctores
1629 1469 1681 1511 ad

152 1534 403 1577 imitandum
421 1535 618 1589 delegisse
649 1536 689 1577 et
720 1535 926 1583 conflasse,
961 1537 1048 1576 tum
1081 1537 1264 1588 apertam
1288 1536 1535 1577 affinitatem
1555 1536 1682 1578 inter-

153 1602 292 1644 cedere
321 1603 428 1644 inter
458 1604 619 1656 poetam
653 1603 885 1645 Romanum
918 1604 958 1645 et
989 1603 1191 1644 Antonini
1222 1603 1421 1645 Liberalis
1456 1604 1678 1654 auctorem,

149 1669 258 1723 quod
289 1669 458 1711 maximi
489 1670 680 1723 ponderis
711 1671 771 1712 est
800 1670 852 1711 ad
884 1670 1170 1723 pensitandam
1206 1671 1314 1711 recte
1347 1670 1554 1723 Euripidis
1586 1670 1681 1711 imi-

147 1737 363 1788 tationem,
394 1737 434 1778 in
458 1750 581 1791 quam
606 1737 732 1778 etiam
754 1737 931 1790 reliquos
958 1737 1145 1778 auctores
1176 1737 1407 1790 inclinasse,
1438 1737 1535 1778 licet
1560 1750 1680 1790 para-

147 1804 340 1857 phrastae
383 1803 486 1846 talia
530 1803 763 1856 reciderint,
811 1803 1026 1844 Plutarchi
1064 1803 1177 1844 locus
1217 1816 1340 1856 supra
1371 1803 1523 1845 allatus
1554 1816 1680 1857 argu-

148 1872 286 1914 mento
331 1870 404 1913 est.
479 1869 636 1911 Nasoni
686 1870 822 1911 autem
874 1869 1038 1911 laudem
1084 1869 1317 1910 inveniendi
1361 1869 1681 1923 illustrandique

147 1939 261 1981 illius
291 1938 399 1980 inter
432 1937 645 1991 Myrrham
680 1937 719 1978 et
756 1936 959 1978 nutricem
992 1936 1185 1990 colloquii
1221 1936 1309 1978 iure
1353 1949 1417 1978 me
1458 1937 1680 1979 detraxisse

149 2007 274 2049 etiam
293 2006 374 2048 alia
393 2005 637 2059 argumenta
657 2005 822 2057 cogunt.
856 2004 953 2045 Veri
970 2004 1075 2045 enim
1098 2003 1201 2045 duco
1218 2003 1477 2045 simillimum
1499 2004 1677 2058 aliquem

147 2075 309 2129 poetam
353 2072 685 2115 Alexandrinum
728 2072 919 2126 Myrrhae
964 2072 1106 2113 fabula
1150 2072 1331 2113 tractata
1375 2071 1551 2124 gloriam
1600 2071 1679 2113 sibi

147 2142 425 2196 acquisivisse,
458 2140 523 2182 cui
555 2140 626 2182 alii
659 2152 788 2193 neque
820 2140 849 2180 ii
881 2140 1060 2192 tantum,
1098 2139 1166 2192 qui
1198 2139 1390 2193 Myrrhae
1421 2139 1508 2181 fata
1539 2139 1680 2192 depin-

147 2210 302 2264 gendas
323 2210 379 2251 ibi
400 2209 710 2262 proposuerunt,
744 2207 930 2260 vestigiis
953 2207 1037 2248 eius
1066 2206 1200 2260 magis
1231 2207 1417 2248 minusve
1445 2206 1678 2248 insistentes

147 2289 191 2319 se
221 2276 465 2318 addixerint.
502 2276 562 2318 De
593 2289 673 2329 qua
706 2275 965 2317 conclusione
987 2275 1227 2316 confirmate
1248 2274 1350 2315 mihi
1371 2274 1677 2328 suffragaberis,

146 2344 182 2386 si
210 2344 253 2385 in
284 2343 445 2397 Scyllae
482 2343 767 2396 descriptione,
816 2342 978 2396 qualem
1012 2342 1130 2392 Ciris,
1177 2341 1446 2383 Alexandrini
1491 2340 1525 2382 si
1569 2341 1678 2394 quod

146 2424 329 2464 unquam
367 2410 513 2452 coloris
551 2423 694 2463 poema
725 2410 793 2462 (cf.
828 2409 994 2462 Dilthey
1024 2409 1050 2450 l.
1081 2409 1107 2450 1.
1139 2422 1176 2462 p.
1209 2408 1291 2459 69),
1331 2407 1504 2458 exhibet,
1548 2408 1680 2449 corol-

146 2478 241 2520 larii
270 2477 359 2519 loco
391 2490 515 2530 quam
545 2477 782 2519 brevissime
810 2477 949 2530 potero
983 2475 1201 2517 nonnullas
1229 2488 1323 2517 cum
1345 2475 1548 2517 Ovidiana
1568 2475 1678 2529 Myr-

147 2545 222 2586 rha
252 2544 545 2586 similitudines
577 2544 701 2597 atque
732 2556 798 2585 eas
829 2544 917 2584 tam
949 2542 1158 2596 generales
1191 2542 1488 2594 monstravero,
1534 2542 1580 2582 ut
1610 2555 1679 2583 su-

146 2612 319 2665 spicioni
356 2625 425 2665 per
457 2624 496 2653 se
525 2611 715 2661 reiculae,
753 2610 869 2663 quasi
901 2610 1042 2663 poetae
1074 2609 1212 2651 Latini
1242 2609 1418 2651 invicem
1451 2621 1492 2651 se
1522 2608 1678 2651 imitati

146 2678 241 2728 sint,
274 2690 354 2719 nou
384 2678 561 2731 amplius
591 2678 704 2719 locus
735 2677 1007 2730 relinquatur.

280 2745 418 2799 Scylla
448 2745 578 2798 igitur
610 2745 753 2786 furtim
788 2757 807 2786 e
839 2744 964 2785 cubili
998 2756 1169 2797 surgens
1198 2743 1281 2785 iarn
1313 2743 1353 2785 in
1386 2756 1430 2786 eo
1453 2745 1525 2796 est,
1557 2745 1604 2785 ut
1625 2744 1676 2786 ad

284 2892 296 2912 ¹
323 2892 376 2927 De
404 2903 499 2927 caus.
527 2894 564 2926 et
593 2894 732 2926 auctor.
760 2893 899 2925 narrat.
925 2890 970 2925 de
996 2893 1086 2925 mut.
1114 2889 1221 2925 form.
1248 2889 1349 2935 Lips.
1378 2889 1479 2924 1786.
