1912 3310
1034 194 1080 227 50

294 323 418 364 quam
446 309 582 351 Diana
611 308 763 350 crimen
796 307 1060 349 manifestum
1094 306 1206 348 facit.
1268 306 1372 346 Eum
1405 305 1555 356 autem,
1603 305 1672 358 qui
1703 305 1821 347 deam

291 378 335 418 in
365 388 553 417 scaenam
585 388 665 417 non
694 374 947 428 produceret,
979 398 1031 402 —
1063 373 1171 426 quod
1197 372 1370 413 fortasse
1402 371 1614 424 Sophoclis
1651 373 1740 413 erat
1768 395 1822 400 -—

295 442 513 485 verisimile
560 443 620 484 est
656 441 888 482 Phaedram
928 440 1058 493 ipsam
1107 438 1334 480 calumnias
1377 438 1634 491 detegentem
1668 438 1820 488 fecisse,

293 511 339 552 ut
370 509 520 551 Seneca
558 509 675 550 docet
691 510 714 548 ¹.
777 507 893 559 Quod
924 506 1186 559 Asclepiades
1228 505 1395 546 minime
1435 505 1655 558 significat.
1717 505 1822 547 Utut

293 590 354 619 res
386 589 426 617 se
457 577 599 617 habet:
646 575 722 615 hoc
753 574 887 626 ipsum
919 574 1018 623 erat,
1067 586 1145 625 quo
1188 573 1362 614 maxime
1394 571 1632 624 tragoediae
1662 571 1823 613 differe-

292 645 404 685 bant.
466 643 552 683 Aut
582 642 712 694 igitur
742 640 986 693 compilator
1016 640 1120 680 illud
1150 633 1408 692 ὁμολογοῦσι
1441 638 1491 679 ad
1524 651 1651 678 unum
1682 632 1822 692 οῗπάγ-

294 711 450 762 ξασθαι
476 707 831 762 neglegentissime
851 707 976 748 refert
999 710 1071 748 aut
1092 707 1143 748 ad
1171 707 1383 759 vulgarem
1415 706 1551 758 potius
1578 705 1620 745 in
1643 705 1823 747 chresto-

292 778 460 820 mathiis
483 777 646 817 fabulae
666 776 853 828 formam,
886 776 1028 827 utpote
1059 787 1162 827 quae
1195 774 1321 815 altius
1351 773 1574 814 affectuum
1604 773 1819 813 discrimen

292 845 473 896 omittat,
506 843 683 896 respicit.
708 866 756 871 ——
782 842 924 895 Neque
941 842 1075 882 minus
1107 854 1130 882 a
1162 841 1375 893 tragoedia
1398 839 1577 881 alienum
1609 840 1682 892 est,
1714 839 1822 892 quod

291 912 421 953 restat
458 911 743 951 ornamentum
788 910 1110 950 commemoratu
1148 908 1344 961 dignum:
1395 900 1720 959 εὐλαβούμενος
1750 908 1822 956 (sc.

295 973 482 1031 Θησεύς)
524 975 570 1017 δὲ
600 977 812 1030 Αιιητριίοἳς
845 972 1079 1029 ἐπιβουλήν
1112 973 1279 1027 πέμπει
1311 971 1360 1025 ἐξ
1391 966 1595 1028 Ἀθηνῶν
1626 968 1702 1014 τὸν
1732 967 1825 1012 οἷον

288 1042 548 1085 ([πηύλιίὀν
572 1041 833 1097 Ἰροιζῃνίων
853 1035 1008 1094 ἄρχειν.
1040 1042 1105 1083 Au
1133 1041 1326 1082 credibile
1357 1041 1556 1082 Theseum
1586 1041 1627 1081 in
1658 1053 1823 1082 uxorem

291 1112 558 1163 S11s13»iciosurn
592 1111 627 1151 ei
658 1112 799 1163 postea
830 1109 962 1149 filiuni
993 1109 1125 1161 stupri
1160 1109 1373 1149 accusanti
1412 1108 1498 1148 sine
1536 1107 1621 1149 ulla
1659 1107 1824 1148 dubita-

292 1179 402 1219 tione
434 1177 632 1218 confisun]
665 1189 760 1226 esse,
794 1177 839 1216 ut
871 1175 1110 1228 tragoediae
1141 1176 1247 1216 ratio
1271 1175 1486 1227 postulat?
1531 1174 1595 1215 Ad
1619 1186 1822 1215 summam

291 1247 421 1298 igitur
451 1244 669 1286 didicimus
703 1244 810 1284 hunc
841 1244 1053 1283 centonem
1087 1242 1232 1295 pamiis
1264 1242 1442 1294 undique
1466 1241 1729 1295 neglegenter
1753 1240 1823 1282 ad-

292 1313 398 1354 sutis
430 1312 583 1353 fartum
616 1311 665 1351 ad
699 1311 1026 1363 qualemcunque
1055 1309 1312 1363 tragoediam
1335 1308 1650 1350 instaurandam
1672 1307 1824 1348 nullius

291 1380 412 1432 pretii
443 1392 538 1419 esse.

426 1446 604 1486 Transeo
636 1445 686 1485 ad
721 1444 947 1485 Diodorum
993 1444 1083 1496 (IV,
1117 1445 1206 1494 62);
1254 1444 1324 1496 qui
1366 1444 1452 1484 sive
1495 1444 1579 1495 ipse
1621 1442 1706 1483 sive
1741 1442 1824 1494 ille,

291 1526 409 1566 quem
455 1512 661 1558 describit,
708 1524 799 1551 cum
842 1511 980 1551 oninia
1028 1511 1078 1551 ad
1117 1511 1312 1551 historiae
1349 1509 1663 1551 similitudinem
1706 1521 1823 1550 revo—

291 1592 382 1621 care
417 1579 612 1627 studeret,
659 1578 852 1619 mirificas
893 1578 1154 1620 machinatus
1185 1578 1245 1618 est
1276 1577 1499 1626 machinas,
1543 1589 1647 1629 quae
1684 1577 1821 1617 tamen

292 1658 431 1687 omnes
473 1646 512 1685 in
552 1645 768 1686 manifesta
814 1645 935 1685 unius
974 1645 1214 1697 exemplaris
1256 1643 1549 1696 depravatione
1579 1642 1822 1695 deprehendi

292 1714 472 1765 possunt.
534 1712 705 1752 Initium
751 1712 999 1753 narrationis
1043 1712 1252 1753 evidenter
1299 1720 1342 1751 ex
1388 1710 1607 1763 Euripideo
1652 1709 1822 1763 prologo

291 1780 578 1833 depi·‹5›1nptuni
609 1780 689 1820 est:
737 1776 892 1831 μικρόν
923 1778 958 1819 δ’
994 1774 1170 1832 ὕστερον
1198 1774 1460 1818 ‘Immineat‘
1500 1772 1824 1825 ἐπανελθόντος
1869 1777 1874 1780 ’

291 1844 352 1895 εἷς
388 1843 465 1895 τὰς
504 1839 697 1900 Ἀθήνας
734 1843 847 1899 προς
890 1842 943 1885 ἰὰ
980 1842 1206 1902 μυστήρια,
1257 1844 1420 1897 Φαίδρα
1462 1841 1532 1886 διὰ
1574 1840 1624 1885 τὸ
1668 1843 1824 1892 κάλλος
1888 1885 1892 1889 ,

292 1914 531 1967 ἐρασθεῖσα
561 1907 693 1954 αὐτοῦ
729 1911 823 1954 [oze
855 1912 932 1966 μὲν
961 1908 1240 1962 ἀπελθόντος
1271 1910 1333 1962 «εἷς
1369 1912 1581 1966 Τροιζῆνα
1617 1907 1822 1964 ἱδρύσατο

291 1977 408 2033 ἱερὸν
437 1979 703 2035 Ἀφροὸίῑης
734 1977 852 2033 παρὰ
884 1977 958 2037 τὴν
989 1974 1244 2033 ἀκρόπολιν,
1291 1976 1401 2021 ὅθεν
1433 1970 1482 2036 ἦν
1518 1979 1716 2032 καθορᾶν
1745 1974 1825 2031 τήν

297 2048 520 2102 Τροιζῇνα,
566 2044 747 2100 {crepon
779 2047 824 2087 δὲ
858 2048 977 2100 ’παρὰ
1007 2048 1067 2102 τῷ
1097 2050 1263 2088 Miz-:151
1295 2044 1404 2100 μετὰ
1432 2049 1508 2087 τοῦ
1543 2045 1720 2100 Θησέως
1751 2061 1824 2085 κα-

291 2114 509 2156 ταλύσασα
542 2108 660 2169 ιῖξιόυ
691 2110 767 2155 τὸν
786 2110 843 2154 ‘Iu
857 2132 881 2154 51
894 2114 1047 2155 ολιτον
1067 2116 1239 2169 μιγῆναι
1262 2108 1384 2170 αῧῑῇ.
1421 2114 1670 2155 Accuratius
1692 2114 1823 2166 igitur

292 2194 415 2234 quani
458 2181 720 2238 Asclepiades
764 2182 958 2223 describit
1003 2183 1144 2234 templi
1189 2182 1500 2230 dedicationem,
1551 2181 1708 2234 plenius
1752 2181 1824 2221 dat

294 2249 500 2301 Euripidis
548 2261 584 2288 v.
617 2250 670 2289 24
702 2262 760 2302 sq.
800 2251 922 2291 antea
966 2262 1289 2290 commemorans
1330 2248 1602 2301 Hippolytum
1639 2248 1824 2288 Athenas

291 2316 342 2357 ad
382 2317 577 2369 mysteria
617 2316 785 2357 visenda
822 2317 1050 2369 profectum
1096 2329 1198 2364 esse3
1245 2315 1462 2356 manifesto
1507 2314 1680 2367 denique
1715 2314 1822 2355 idem

291 2383 540 2423 narrationis
562 2396 803 2437 progressus
835 2386 895 2424 est
909 2386 935 2425 2.
994 2384 1131 2436 Atque
1161 2383 1261 2424 haec
1292 2383 1430 2423 omnia
1460 2382 1636 2423 maxime
1667 2393 1825 2434 prem03

292 2462 388 2491 nam
412 2450 481 2503 qui
514 2462 606 2491 cum
631 2451 845 2492 Wheelero
870 2451 912 2502 (l.
937 2451 962 2492 l.
994 2464 1030 2504 p.
1054 2449 1124 2503 46)
1156 2449 1410 2491 contendunt
1441 2449 1668 2490 Diodorum
1697 2448 1739 2488 in
1761 2447 1823 2488 his

428 2635 437 2654 ¹
466 2634 690 2669 Commutati
717 2635 926 2681 argumenti
951 2639 1086 2670 natura
1111 2635 1180 2669 hoc
1204 2635 1341 2678 vincit3
1375 2633 1548 2679 quocirca
1577 2643 1677 2675 cave,
1704 2642 1749 2665 ne
1775 2630 1822 2664 ob

291 2692 386 2726 hanc
411 2704 489 2726 rem
518 2692 710 2737 Sophoclis
744 2694 908 2729 fabulam
944 2698 1076 2739 poetae
1102 2694 1269 2728 Romano
1300 2693 1398 2727 inter
1428 2704 1557 2726 manus
1596 2691 1709 2725 fuisse
1739 2700 1823 2724 con-

291 2750 429 2786 eludas.

425 2810 438 2829 2
465 2808 568 2844 Sicut
593 2810 791 2856 Euripides
824 2815 870 2854 (v.
900 2815 958 2855 11)
989 2813 1172 2846 Diodorus
1206 2814 1336 2846 narrat
1363 2811 1609 2855 Hippolytum
1637 2808 1823 2843 Troezene

292 2868 488 2903 educatum
513 2879 600 2912 esse,
629 2871 691 2905 sed
711 2869 808 2915 παρὰ
827 2875 900 2908 τοῖς
919 2875 1066 2917 Αἴθρας
1081 2868 1266 2916 ἀδελφοῖς.
1295 2870 1401 2905 Unde
1419 2870 1488 2904 hoc
1505 2869 1651 2911 habeat,
1677 2867 1820 2912 ignoro.
