1912 3310
903 220 948 253 83

162 328 343 371 Libanus
375 331 414 372 et
443 330 725 385 Antilibanus,
769 332 839 374 ubi
870 332 964 374 tura
1001 332 1275 387 colliguntur‘
1324 334 1393 386 (cf.
1425 334 1537 377 Serv.
1569 334 1690 388 Verg.

163 395 266 437 Aen.
295 396 327 448 I,
358 396 470 450 416).

293 463 542 506 Accuratius
573 465 622 506 de
652 465 815 507 fabulae
846 465 1100 517 antiquitate
1129 464 1326 507 disserere
1357 466 1477 508 huius
1509 467 1588 508 loci
1610 480 1691 508 non

162 530 240 580 est3
287 529 586 573 Alexandrinos
615 533 756 585 poetas
793 545 882 573 eam
913 532 955 573 in
986 532 1130 585 primis
1159 532 1453 576 illustrandam
1484 534 1562 576 sibi
1597 547 1691 588 pro-

160 597 352 650 posuisse,
393 599 440 639 ut
477 598 519 639 in
556 612 636 652 qua
676 599 849 640 illicitae
881 599 1049 640 Veneris
1081 600 1310 642 cantandae
1342 602 1594 644 occasionem
1626 615 1692 644 ex-

162 665 465 718 optatissimam
509 667 549 707 et
586 666 836 707 discordium
879 667 1030 707 amoris
1073 666 1293 708 affectuum
1341 667 1689 723 depingendorum

159 732 479 774 invitamentum
501 733 804 774 validissimum
823 733 1032 782 haberent,
1066 735 1157 787 quis
1175 735 1246 783 est,
1275 735 1374 787 quin
1405 749 1564 778 mecum
1597 749 1691 778 con-

160 799 332 841 cludat?
390 800 572 850 Accedit,
620 800 729 853 quod
761 800 963 841 Adonidis
1000 800 1086 842 fata
1122 801 1173 842 iis
1211 802 1322 843 cordi
1361 804 1469 844 certe
1510 804 1688 854 fuerunt,

159 866 206 906 ut
249 866 392 918 poetae
435 866 641 908 bucolici¹
687 868 726 908 et
770 867 959 920 picturae
998 867 1302 920 Pompeianae2
1341 870 1559 922 evincunt3
1610 871 1690 912 im-

158 933 303 986 primis
351 934 526 988 denique
569 936 612 976 in
653 936 843 989 Aegypto
893 936 979 976 eius
1025 936 1160 977 cultus
1205 937 1384 978 maxima
1430 938 1689 980 veneratione

159 1000 442 1043 celebrabatur
487 1001 556 1054 (cf.
591 1001 721 1043 Greve
752 1002 778 1043 l.
810 1002 836 1043 1.
864 1015 900 1055 p.
933 1002 1018 1054 29).
1078 1003 1225 1056 [taque
1256 1004 1366 1045 haud
1396 1005 1547 1046 temere
1593 1017 1689 1046 con-

157 1068 260 1111 icias
303 1069 346 1110 in
382 1069 540 1123 Hygini
577 1070 772 1124 Myrrhae
820 1070 961 1111 sabula
999 1071 1051 1110 58
1093 1070 1464 1113 Alexandrinorum
1512 1072 1688 1124 vestigia

157 1135 298 1186 latere,
345 1136 539 1190 quoniam
582 1138 818 1190 sequentem
865 1137 1050 1178 fabulam
1096 1138 1319 1180 Battiadae
1363 1141 1494 1180 artem
1542 1140 1582 1180 et
1624 1140 1688 1180 in-

158 1203 325 1257 genium
371 1204 525 1257 spirare
567 1204 740 1245 Knaack
785 1204 828 1256 (1.
859 1204 886 1245 l.
929 1218 965 1258 p.
997 1205 1068 1254 41)
1106 1205 1476 1247 Wilamowit-zium
1524 1207 1688 1248 secutus

157 1270 362 1324 probavit.
420 1272 469 1313 In
504 1271 746 1324 Apollodori
792 1272 1028 1313 narratione
1075 1272 1207 1314 solent
1250 1273 1415 1326 quidem
1464 1274 1688 1328 Panyasim

158 1339 368 1380 auctorem
399 1338 559 1380 credere
571 1341 598 1389 ³,
631 1339 849 1380 temerario
881 1340 1021 1380 tamen
1051 1339 1222 1390 iudici03
1256 1353 1351 1382 nam
1383 1341 1470 1382 eius
1500 1341 1688 1382 testimo—

158 1405 273 1447 nium
304 1406 426 1447 antea
457 1406 704 1459 exscriptum
735 1407 855 1447 solito
887 1419 999 1447 more
1030 1407 1071 1447 in
1103 1407 1188 1448 sola
1225 1408 1467 1461 genealogia
1502 1408 1686 1449 affertur.

158 1472 346 1514 Titulum
377 1473 552 1527 denique
581 1473 845 1526 indagatum,
886 1473 955 1526 qui
988 1474 1187 1515 Antonini
1219 1474 1416 1516 Liberalis
1449 1475 1687 1516 narratiun-

157 1539 273 1582 culae
302 1539 587 1594 praefigendus
618 1541 685 1594 sit,
730 1541 778 1582 de
810 1540 1084 1582 Alexandrino
1117 1541 1255 1594 aliquo
1287 1543 1454 1583 auctore
1491 1542 1569 1584 tibi
1601 1542 1684 1584 iam

157 1607 375 1656 constabit,
412 1609 651 1660 praesertim
683 1621 775 1650 cum
806 1608 854 1649 de
883 1609 1248 1650 transformatione
1281 1610 1431 1662 agatur
1461 1610 1501 1651 et
1522 1609 1686 1651 fabulae

156 1675 436 1729 quadraginta
467 1688 559 1729 una,
606 1688 706 1729 quas
737 1675 806 1716 ille
841 1676 1101 1728 constipavit,
1141 1675 1223 1717 fere
1255 1688 1394 1717 omnes
1424 1676 1476 1718 ab
1508 1676 1687 1718 Alexan-

155 1742 284 1784 drinis
314 1743 552 1785 auctoribus
582 1744 780 1797 repetitae
807 1743 902 1784 sint.
953 1743 1116 1797 Viginti
1137 1745 1276 1784 autem
1308 1744 1412 1785 duae
1443 1756 1463 1785 e
1485 1743 1683 1785 Nicandri

154 1809 492 1852 Heteroeumenis
538 1812 749 1864 excerptae
796 1811 893 1852 sunt
941 1810 1012 1861 (cf.
1051 1810 1276 1853 Schneider
1306 1810 1394 1852 Nic.
1436 1824 1472 1864 p.
1509 1811 1562 1851 42
1592 1812 1686 1864 sq.).

153 1877 302 1931 Itaque
332 1890 484 1930 pronus
517 1877 598 1919 fere
630 1891 719 1919 sum
753 1878 795 1919 in
832 1890 920 1919 eam
959 1878 1220 1927 sententiam,
1269 1880 1315 1918 ut
1352 1877 1481 1918 eidem
1524 1878 1684 1919 auctori

153 1946 338 1986 nostram
378 1944 563 1987 fabulam
594 1945 730 1986 deberi
762 1945 923 1998 putem3
970 1957 1066 1986 nam
1113 1944 1220 1998 quod
1265 1944 1442 1998 legimus
1473 1944 1515 1985 in
1547 1943 1683 1986 Schol.

153 2011 356 2054 Theocrit.
389 2012 438 2060 V,
469 2012 541 2053 92:
573 2008 652 2066 τήν
682 2005 903 2066 ἀνεμώνην
932 2007 1171 2064 Νικανόρός
1201 2025 1333 2066 φησιν
1363 2010 1409 2052 ἐκ
1438 2011 1514 2052 τοῦ
1546 2005 1684 2053 Ἀδώ-

152 2078 269 2129 νιδος
297 2078 480 2132 αἳματος
511 2081 668 2135 φυῆναι
699 2079 821 2120 fidem
852 2078 954 2120 facit
984 2091 1076 2120 eum
1109 2078 1156 2119 de
1189 2079 1381 2132 Myrrhae
1411 2079 1509 2120 fatis
1540 2079 1682 2132 egisse.

152 2146 214 2188 De
256 2159 454 2188 anemone
501 2147 639 2188 autem
684 2146 855 2188 Ovidius
896 2145 1006 2187 idem
1052 2145 1237 2199 perhibet
1291 2146 1347 2195 (v.
1393 2146 1469 2187 731
1512 2158 1584 2199 sq.‚
1632 2145 1683 2188 cf.

153 2211 286 2255 Greve
315 2213 342 2254 l.
373 2214 401 2255 1.
433 2226 468 2266 p.
491 2214 547 2267 8),
593 2214 665 2268 qui
697 2226 915 2255 consensus
950 2225 1029 2254 non
1060 2213 1120 2254 ita
1151 2213 1268 2266 parvi
1299 2212 1579 2254 aestimandus
1610 2213 1681 2267 est,

277 2316 299 2335 '¹
328 2315 381 2350 Cf.
407 2315 592 2350 Theocrit.
619 2315 673 2349 Id.
697 2315 774 2348 XV.
812 2314 916 2349 Bion.
944 2314 997 2348 ld.
1029 2314 1057 2355 I,
1084 2314 1148 2348 ubi
1190 2313 1236 2359 (v.
1263 2315 1322 2357 91)
1359 2314 1498 2347 Adonis
1526 2313 1682 2357 Cinyrae

150 2373 250 2409 filius
283 2378 449 2409 vocatur.
499 2374 626 2419 Neque
661 2374 933 2420 neglegendum
960 2373 1290 2418 Philostephanum
1323 2372 1542 2407 Callimachi
1574 2373 1681 2407 disci-

150 2434 282 2478 pulum
310 2433 433 2468 Probo
460 2437 620 2473 auctore,
648 2437 689 2467 ut
716 2436 823 2468 antea
849 2433 989 2476 notavi,
1029 2433 1073 2467 de
1098 2432 1270 2467 Adonide
1297 2432 1413 2477 egisse
1439 2431 1498 2476 (cf.
1524 2431 1682 2466 Mueller

150 2492 192 2527 F.
218 2492 264 2527 H.
291 2492 332 2527 G.
358 2492 412 2526 ΙΙΙ
436 2504 472 2537 p.
500 2494 542 2527 31
570 2492 641 2538 frg.
672 2494 738 2536 14).

285 2552 299 2572 ²
324 2551 431 2586 Helb.
458 2564 517 2587 no.
545 2553 612 2586 329
638 2564 690 2596 sq.
738 2551 919 2586 Adonidis
946 2554 1096 2596 partum
1120 2563 1139 2585 e
1166 2551 1339 2595 Myrrhae
1366 2551 1499 2585 arbore
1526 2552 1680 2596 agnovit

151 2609 303 2654 Dilthey
329 2610 479 2654 (Bullet.
512 2611 597 2645 dell'
625 2611 714 2644 Inst.
750 2611 839 2644 1869
873 2622 908 2655 p.
947 2610 1027 2655 158)
1066 2610 1103 2644 in
1136 2610 1282 2654 pictura
1313 2609 1538 2654 Pompeiana.
1568 2610 1676 2644 Helb.

150 2680 209 2703 no.
239 2669 330 2703 1390
362 2681 503 2704 summa
525 2681 606 2704 cum
634 2670 753 2714 specie
779 2670 871 2713 veri,
916 2673 1096 2713 quatenus
1122 2668 1321 2703 delineatio
1347 2680 1480 2713 parum
1506 2672 1680 2704 accurata

151 2727 489 2770 (Raoul-Rochette
515 2740 611 2763 mon.
639 2727 736 2762 ined.
764 2727 804 2761 T.
832 2728 892 2772 48)
918 2728 1096 2762 iudicium
1122 2728 1299 2762 admittit.

284 2786 297 2806 ³
325 2776 382 2821 Cf.'
405 2787 541 2821 Kinkel
568 2786 639 2832 frg.
667 2788 711 2820 25
737 2799 771 2831 p.
799 2788 880 2820 264.
922 2786 1073 2821 Funcke
1099 2787 1144 2820 de
1170 2786 1324 2830 Panyas.
1350 2786 1468 2821 Halic.
1494 2799 1529 2831 p.
1554 2789 1599 2821 60
1625 2798 1678 2830 sq.

151 2843 270 2879 Greve
295 2845 316 2879 l.
341 2845 366 2879 1.
392 2857 427 2890 p.
454 2847 487 2880 4.
536 2847 588 2880 At.
613 2845 831 2880 Tzschirner
854 2845 1062 2889 (Panyasid.
1088 2845 1220 2890 fragm.
1246 2857 1280 2890 p.
1299 2846 1361 2889 49)
1386 2849 1486 2880 recte
1511 2846 1604 2879 nihil
1620 2845 1678 2880 ad

148 2902 344 2948 Panyasim
369 2904 604 2939 referendum
628 2916 704 2939 esse
730 2905 862 2939 statuit
887 2905 959 2938 nisi
984 2904 1166 2939 Adonidis
1192 2907 1377 2949 parentes.
