1912 3310
875 157 920 190 55

131 265 331 308 Troezene
361 267 523 309 demum
556 269 792 323 privignum
822 271 1072 322 conspexisse
1103 273 1142 312 et
1175 285 1311 314 amore
1342 274 1539 315 exarsisse
1556 275 1578 324 ¹,
1610 274 1652 314 in

129 345 175 374 ea
210 346 252 375 re
282 334 577 387 Asclepiadem,
620 336 690 389 qui
718 336 883 386 dicitur,
931 338 970 377 et
1009 337 1235 378 Diodorum
1282 339 1522 393 diligentius
1566 340 1653 393 ipso

129 400 348 453 Euripideo
380 401 550 454 prologo
584 415 674 443 usos
703 416 785 444 esse
818 404 1096 455 cognovimus.

261 466 372 509 Satis
403 479 603 520 superque
634 468 791 518 sudavi,
826 470 871 509 ut
903 470 1009 510 certe
1039 470 1188 512 derisui
1218 471 1382 513 futurus
1406 485 1531 514 essem
1554 474 1653 515 Plu-

127 533 272 574 'nai-cho
317 533 530 574 obicienti:
586 531 672 583 Τὰς
705 533 751 575 δὲ
782 535 882 587 περὶ
913 536 1073 590 ταύτην
1114 538 1185 589 (sc.
1221 537 1428 592 Φαίδραν)
1470 539 1538 579 καί
1577 537 1652 579 τὸν

127 595 221 640 υἱον
255 593 390 640 αὐτοῦ
421 596 661 651 δυστυχίας,
708 599 802 641 ἐπεὶ
833 601 963 656 λμηδὲν
991 597 1239 645 ἀντιπίπτει
1274 602 1391 658 παρὰ
1422 608 1508 646 τῶν
1539 602 1653 647 ἱστο-

127 667 254 721 ρικῶν
288 669 381 716 τοῖς
410 669 639 721 τραγικοῖς,
674 663 812 717 οὕτως
841 666 952 720 ἔχειν
986 670 1152 723 θετέον,
1185 667 1245 721 ὥς
1276 670 1428 713 ἐκεῖνοι
1462 669 1652 727 πεποιή-

125 748 248 775 κασιν
290 729 478 783 ἅπαντες
521 734 658 788 (Thes.
700 748 732 776 c.
769 736 983 787 XXVIII).
1058 737 1135 779 Sed
1177 738 1227 780 do
1265 739 1445 791 veniam3
1491 754 1587 782 nam
1628 754 1651 783 a

125 801 240 842 nobis
270 801 529 855 aliquantulo
556 802 645 855 plus
676 802 904 855 flagitatur,
938 817 1060 856 quarn
1093 817 1171 857 quo
1203 806 1365 859 antiqui
1400 807 1650 849 litteratores

127 867 308 910 contenti
339 868 467 909 erant.

852 1342 919 1385 ΙΙ.

250 1467 315 1509 Ad
347 1467 503 1509 maiora
534 1467 741 1520 accingor.
801 1467 906 1508 Nam
939 1468 1076 1520 palma
1107 1467 1156 1508 iis
1187 1467 1422 1520 deroganda
1456 1468 1544 1521 erit,
1576 1467 1645 1520 qui

121 1535 222 1576 satis
253 1534 473 1576 habuerint
511 1547 555 1576 ex
597 1534 747 1575 vilibus
785 1535 948 1575 nostrae
986 1534 1150 1575 fabulae
1188 1534 1414 1575 historiolis
1444 1534 1647 1588 colligere,

118 1614 221 1655 quae
251 1601 303 1643 ad
333 1602 580 1643 cothurnum
613 1602 879 1655 Euripideum
913 1602 1158 1654 pertineant.
1218 1602 1349 1642 Immo
1382 1602 1424 1643 in
1446 1601 1645 1654 profundo

117 1668 270 1711 veritas
300 1669 496 1711 demersa.
557 1669 705 1723 Itaque
736 1669 788 1710 ad
820 1668 1143 1710 Alexandrinam
1174 1670 1317 1718 artem,
1361 1669 1510 1722 quippe
1542 1680 1645 1720 quae

117 1735 272 1778 Graeco
304 1736 344 1778 et
375 1736 561 1778 Romano
593 1737 794 1777 cothurno
827 1736 1003 1777 mediam
1038 1748 1078 1776 se
1109 1736 1357 1788 interponat,
1407 1734 1645 1788 progredior

115 1803 279 1845 tantum
311 1802 520 1856 praefatus
566 1803 608 1844 in
640 1803 822 1844 obscuris
862 1802 923 1843 his
962 1802 1197 1855 regionibus
1229 1802 1469 1843 circuitione
1500 1802 1539 1842 et
1570 1813 1644 1842 an-

115 1870 252 1912 fractu
282 1882 570 1923 saepenumero
603 1882 702 1923 opus
734 1882 829 1922 esse,
880 1882 971 1910 cum
1004 1869 1254 1910 carminibus
1285 1869 1382 1922 ipsis
1414 1870 1644 1921 temporum

115 1936 272 1978 invidia
303 1948 396 1978 raro
427 1936 664 1989 pepercerit,
712 1936 945 1989 fragmenta
976 1935 1223 1988 paucissima
1255 1934 1420 1984 restent,
1467 1934 1644 1975 recentes

117 2003 402 2056 compilatores
438 2003 565 2045 libere
600 2002 677 2044 sibi
718 2003 977 2044 indulserint.
1038 2002 1275 2043 Proximum
1307 2002 1444 2042 autem
1479 2001 1552 2052 est,
1598 2000 1644 2040 ut

117 2082 247 2123 pauca
287 2069 415 2122 ipsius
444 2069 717 2123 Hippolyteae
758 2069 922 2111 fabulae
960 2069 1148 2122 vestigia,
1196 2080 1298 2121 quae
1329 2067 1436 2120 apud
1465 2067 1643 2108 Alexan-

117 2137 255 2178 drinos
285 2136 457 2187 lateant,
489 2136 786 2178 examinentur.
846 2136 1044 2177 Exordior
1081 2136 1212 2189 igitur
1243 2135 1293 2176 ab
1325 2134 1471 2175 Ovidio
1504 2145 1643 2175 aemu-

117 2203 246 2246 latore
291 2202 678 2251 Alexandrinorum,
725 2203 795 2256 qui
834 2203 931 2244 Met.
964 2203 1054 2252 XV,
1100 2203 1181 2243 492
1213 2214 1271 2254 sq.
1304 2201 1493 2242 Virbium
1538 2199 1644 2240 The-

117 2271 246 2312 seium
273 2271 450 2322 heroem,
481 2284 599 2324 quem
630 2271 744 2324 dicit,
776 2271 862 2312 fata
893 2283 966 2311 sua
988 2269 1160 2323 Egeriae
1181 2268 1384 2322 nymphae
1406 2266 1640 2308 narrantem

115 2338 289 2390 inducit,
324 2338 527 2391 quomodo
559 2350 732 2379 noverca
763 2338 895 2390 ipsum
929 2348 1089 2389 pessum
1121 2335 1289 2385 dederit,
1338 2334 1472 2375 Diana
1503 2333 1639 2374 autem

252 2483 262 2502 ¹
290 2482 391 2517 Idem
424 2482 644 2517 Troezenios
682 2493 836 2516 narrare
867 2481 1067 2515 Pausanias
1109 2480 1150 2522 (Ι,
1179 2481 1234 2513 22.
1261 2479 1298 2523 2)
1338 2490 1421 2513 cum
1457 2478 1643 2523 gravitate

118 2541 276 2586 quadam
304 2540 477 2584 affirmat,
518 2544 560 2576 ut
596 2541 761 2586 putarim
800 2543 987 2574 auctorem
1024 2539 1069 2573 ab
1111 2539 1174 2572 illo
1214 2537 1441 2581 descriptum
1479 2536 1548 2571 hoc
1583 2548 1641 2570 ex-

116 2600 251 2644 pressis
285 2599 408 2634 verbis
440 2600 665 2644 Euripideae
697 2599 916 2642 narrationi,
950 2609 1058 2641 quam
1091 2596 1289 2630 Pausanias
1321 2595 1446 2639 paullo
1480 2596 1566 2628 ante
1597 2593 1639 2638 (I,

116 2660 172 2693 22.
202 2661 217 2691 1
259 2655 278 2691 ὅ
304 2670 341 2691 τε
368 2659 455 2703 ἔρως
480 2659 539 2700 τῆς
563 2658 727 2700 Φαίδρας
761 2660 820 2690 καὶ
850 2658 909 2698 τῆς
940 2656 1077 2701 τροφοῦ
1110 2653 1146 2688 τὸ
1181 2655 1215 2692 ἐς
1248 2651 1312 2696 τὴν
1343 2654 1531 2686 διακονίαν
1561 2648 1638 2685 τόλ-

116 2718 235 2763 μημα)
263 2716 456 2751 manifesto
483 2721 568 2751 ante
594 2717 717 2751 oculos
745 2716 916 2758 habebat,
945 2714 1166 2759 opposuisse.
1195 2732 1237 2737 -—
1265 2714 1317 2747 At
1343 2713 1373 2746 si
1399 2710 1639 2754 Aristophani

118 2767 274 2810 confisus
300 2776 345 2810 de
368 2776 654 2820 interpolatione
680 2777 718 2809 in
740 2775 942 2819 Euripideo
968 2774 1122 2819 prologo
1150 2773 1302 2818 cogitas,
1337 2771 1414 2807 fere
1448 2769 1640 2805 dimidiam

116 2834 263 2880 prologi
287 2837 433 2879 partem
456 2846 667 2880 expungere
693 2834 812 2869 debes.
