1912 3310
1026 172 1071 207 52

280 290 387 333 Cave
421 289 572 342 autem,
605 301 654 330 ne
685 301 729 330 ex
762 288 884 330 meris
914 288 1114 338 frustulis,
1163 300 1267 341 quae
1299 288 1543 341 compilator
1576 289 1692 343 legit,
1722 289 1806 331 tra-

279 357 470 411 goediam
499 355 680 397 effictam
713 367 796 396 esse
825 355 1045 396 concludas
1069 356 1091 395 ¹.

410 425 457 466 In
492 422 650 477 Hygini
687 423 928 463 brevissima
970 421 1207 463 narratione
1243 420 1288 471 (f.
1325 421 1397 472 47)
1434 421 1475 462 id
1517 423 1694 464 maxime
1733 436 1807 465 no—

276 494 369 534 tatu
398 492 583 545 dignum,
616 489 724 542 quod
756 489 976 530 criminosa
1001 488 1208 529 Phaedrae
1239 487 1413 540 epistula
1444 491 1805 531 commemoratur:

276 556 486 600 ‘Phaedra
514 557 665 598 Minois
696 556 781 597 filia
814 555 957 596 Thesei
988 568 1089 596 uxor
1119 555 1392 609 Hippolytum
1424 555 1658 609 privignum
1687 570 1806 598 suum

278 626 502 668 adamavit.
563 625 692 676 Quem
725 636 815 664 cum
850 635 929 663 non
964 623 1163 675 potuisset
1191 623 1242 664 ad
1270 635 1387 664 suam
1418 623 1634 676 perducere
1660 624 1808 665 volun-

275 694 424 742 tatem,
470 691 644 733 tabellas
688 690 860 743 scriptas
901 689 952 731 ad
988 690 1122 731 virum
1169 702 1286 730 suum
1335 690 1448 730 misit
1485 703 1525 731 se
1562 691 1612 732 ab
1652 690 1804 744 Hippo-

274 761 361 814 lyto
392 770 663 811 compressam
693 769 777 798 esse
807 769 927 810 seque
958 756 1048 808 ipsa
1079 757 1295 809 suspendio
1332 750 1525 798 necavit'.
1573 757 1806 811 Epistulam

275 827 406 880 igitur
442 824 635 867 morienti
666 823 875 865 Phaedrae
909 824 1104 864 adnexam
1140 836 1219 864 non
1259 823 1420 865 novisse
1459 823 1634 878 videtur,
1678 825 1719 865 in
1761 838 1806 867 eo
1863 824 1868 825 ⁷

276 894 468 936 videlicet
499 906 522 934 a
557 891 712 933 Graeco
755 890 893 943 aliquo
927 890 1146 943 exemplari
1186 890 1375 944 pendens,
1423 892 1470 931 ut
1499 890 1714 933 Plutarchi
1751 892 1807 933 si-

276 961 385 1002 milis
429 959 609 1001 brevitas
660 958 789 998 vincit
847 957 998 999 Parall.
1048 958 1152 998 34a:
1215 958 1290 1013 τῆς
1336 955 1382 997 δὲ
1431 955 1730 1011 προαιρέσεως
1779 957 1805 1014 ἦ

274 1023 454 1082 ἀσελγῇς
496 1019 774 1076 cifram-2080&
813 1023 991 1075 ψευδεῖς
1029 1020 1135 1063 κατὰ
1178 1024 1255 1064 τοῦ
1297 1020 1528 1079 σώφρονος
1574 1022 1807 1074 grassolfing

275 1090 448 1147 ἐχάραξε
477 1092 545 1133 καὶ
576 1088 720 1146 βρόχῳ
754 1087 800 1130 τι)
832 1091 902 1146 ζῇν
932 1083 1158 1145 ἀνήρτησε,
1220 1091 1445 1132 Coroniferi
1478 1092 1615 1133 locum
1645 1093 1806 1134 subesse

274 1163 386 1215 puto,
417 1174 496 1214 quo
530 1159 816 1211 compilatores
846 1158 935 1210 plus
968 1158 1092 1199 semel
1123 1170 1215 1199 usos
1249 1171 1332 1199 esse
1360 1159 1518 1200 ostendi
1546 1172 1581 1201 v.
1603 1160 1709 1200 1310
1726 1173 1805 1213 sq.:

540 1220 568 1281 ἣ
599 1225 633 1266 δ’
667 1221 729 1274 εἷς
762 1222 934 1278 ἔλεγχον
963 1220 1021 1281 μ’]
1053 1223 1165 1280 πέσῃ
1198 1224 1445 1280 φοβουμένη

542 1293 722 1347 ψει-δεῖς
751 1291 917 1347 γραφὰς
947 1289 1110 1346 ἔγραψε
1145 1293 1212 1333 καὶ
1245 1292 1423 1333 διώλεσε

537 1356 702 1401 δόλοισι
738 1356 816 1400 σον
847 1358 966 1399 παῖδ’
1001 1359 1088 1400 κῖλ.

272 1431 352 1472 Hic
383 1430 514 1483 igitur
545 1427 720 1481 epistula
750 1427 848 1467 item
880 1428 1094 1479 separatur
1125 1440 1147 1468 a
1179 1428 1408 1481 suspendio.
1471 1428 1548 1470 Sed
1581 1427 1705 1469 etiam
1740 1428 1804 1468 ul-

273 1498 401 1539 terius
434 1494 622 1549 progredi
653 1495 770 1542 licet;
803 1507 895 1535 nam
931 1494 971 1534 ni
1003 1494 1125 1535 fallor
1156 1494 1364 1536 fabulator
1387 1495 1598 1537 Romanus
1630 1494 1733 1548 legit
1761 1494 1802 1535 in

272 1565 457 1606 derivato
489 1563 627 1616 aliquo
660 1562 899 1614 exemplari:
932 1558 1165 1611 ἐπιστολὰς
1194 1560 1452 1613 ἐπέστειλεν,
1484 1562 1592 1603 1111ᾰο
1620 1562 1698 1604 sibi
1730 1562 1802 1603 fin-

270 1632 330 1672 xit
371 1631 546 1672 tabellas
587 1629 741 1670 missas.
803 1629 966 1670 Etenim
997 1624 1125 1682 ‘quae
1167 1630 1384 1670 morientes
1422 1629 1608 1671 facienda
1648 1629 1805 1682 praeci-

269 1699 401 1752 piunt,
434 1698 505 1738 illa
532 1697 726 1737 (licuntur
749 1696 893 1737 eximie
915 1696 1079 1749 quidem
1103 1694 1357 1751 ἐπισκῆψαι,
1382 1696 1450 1738 sed
1473 1697 1512 1737 et
1529 1688 1803 1746 ἐπιστεῖλαι),

271 1767 317 1806 ut
348 1764 603 1806 Valckenaer
648 1763 717 1815 (ad
758 1763 854 1805 Eur.
895 1763 990 1816 Hip.
1035 1762 1133 1815 858)
1178 1764 1368 1817 exemplis
1416 1764 1528 1805 nisus
1574 1763 1803 1805 adnotavit.
1850 1775 1856 1779 “

270 1832 492 1873 Accusatio
530 1833 668 1872 autem
710 1844 752 1871 re
791 1843 887 1872 vera
927 1831 1151 1872 extremum
1192 1831 1405 1872 morientis
1438 1830 1648 1872 Phaedrae
1687 1843 1805 1871 111311-

268 1900 414 1941 datum
446 1900 533 1940 erat
552 1901 578 1940 2.
627 1898 769 1951 Neque
799 1898 840 1938 id
872 1898 1228 1950 praetereundum,
1264 1898 1371 1951 quod
1394 1898 1585 1951 Hyginus
1608 1896 1804 1950 expressis

268 1967 400 2008 verbis
433 1965 534 2006 dicit
571 1965 774 2006 Theseum
806 1965 938 2005 filium
970 1965 1011 2006 111
1044 1965 1230 2006 exsilium
1263 1965 1436 2007 eiecisse.

404 2033 463 2073 De
486 2032 700 2073 Plutarchi
722 2032 794 2073 illo
817 2032 1025 2073 Parallelo
1057 2032 1161 2073 nihil
1193 2032 1293 2073 certi
1325 2032 1534 2074 affirmare
1563 2032 1672 2073 licet.
1719 2032 1801 2073 Ta-

268 2100 399 2141 bellae
432 2111 503 2139 nos
534 2099 722 2140 servatae
752 2098 968 2152 Hippolyti
1003 2099 1396 2152 commonefaciunt3
1431 2100 1474 2140 at
1504 2111 1650 2140 scaena
1673 2099 1803 2140 Athe-

268 2167 330 2207 nis
369 2168 440 2216 est,
488 2179 578 2207 011111
616 2165 775 2206 iuvenis
817 2166 952 2218 spreto
992 2178 1190 2207 novercae
1227 2179 1365 2207 amore
1402 2166 1468 2206 hic
1498 2179 1567 2219 per
1599 2166 1800 2208 nutricem

267 2233 449 2274 indicato
494 2233 681 2274 Athenas
726 2232 890 2285 linquat
939 2233 978 2274 et
1025 2233 1227 2274 Troezene
1272 2233 1456 2275 venando
1503 2233 1634 2275 otium
1678 2233 1801 2275 terat.

267 2299 444 2342 Stobaeo
490 2300 670 2347 auctore,
717 2299 786 2353 qui
831 2300 1039 2354 integram
1082 2301 1333 2342 narrationis
1378 2301 1557 2342 formam
1595 2300 1754 2342 exhibet
1772 2302 1800 2353 3,

268 2445 330 2489 qui
359 2448 467 2480 antea
500 2448 545 2490 (p.
572 2446 657 2490 449)
692 2457 767 2480 non
797 2446 918 2480 minus
952 2446 1142 2480 evidenter
1167 2446 1371 2491 Euripideo
1396 2447 1681 2482 Phoenissarum
1713 2456 1797 2489 pro-

265 2504 350 2548 logo
377 2504 423 2540 ad
450 2505 710 2540 illustrandum
732 2505 939 2540 Diodorum
966 2505 1030 2545 ΙΙΙ,
1059 2507 1104 2539 64
1130 2517 1214 2540 usus
1242 2510 1332 2540 erat.

405 2564 416 2584 ¹
445 2563 496 2598 Cf.
523 2564 699 2599 NVheeler
728 2565 751 2598 l.
777 2564 821 2598 l.:
863 2562 953 2598 ‘Sed
986 2564 1140 2598 minime
1173 2565 1333 2608 quadrat
1364 2564 1402 2598 in
1433 2566 1600 2598 nostram
1632 2561 1797 2597 fabulam

268 2620 424 2655 Diodori
450 2624 629 2658 narratio.
659 2623 783 2666 aliqua
810 2634 852 2657 ex
878 2626 985 2667 parte
1010 2626 1111 2657 certe
1137 2623 1175 2657 in
1203 2635 1259 2667 ea,
1283 2635 1377 2667 quae
1402 2623 1447 2658 de
1471 2622 1604 2657 Velato
1630 2618 1796 2656 scimus'.

403 2681 417 2701 ²
444 2680 497 2715 Cf.
526 2681 614 2716 Eur.
642 2682 728 2726 Hip.
754 2682 823 2715 858
850 2693 915 2725 sq„
947 2682 1011 2715 ubi
1038 2681 1198 2716 Theseus
1224 2682 1332 2717 haec:

595 2737 670 2773 ἀλλ’
698 2735 719 2782 ἦ
746 2742 873 2785 λέχους
897 2754 959 2786 μοι
988 2743 1047 2774 καὶ
1072 2743 1210 2775 τέκνων
1235 2739 1429 2778 ἐπιστολὰς

596 2798 760 2843 ἔγραψεν
786 2798 806 2841 ἡ
834 2795 1008 2842 δύστηνος
1033 2796 1285 2845 ἐξαιτουμένη,-

398 2858 411 2877 ³
439 2857 536 2892 Flor.
564 2857 619 2891 64.
646 2858 709 2902 38;
734 2858 863 2893 laudat
887 2858 1075 2903 Zopyrum
1103 2859 1142 2893 ἐν
1165 2855 1201 2903 γ’
1220 2857 1409 2902 Θησηίδος.
1451 2857 1597 2893 Lobeck
1617 2854 1794 2902 Aglaoph.
