1912 3310
986 202 1053 236 100

257 313 370 354 dium
402 313 445 354 in
476 313 687 355 Phaedrae
717 313 893 367 epistula
925 313 1117 366 fingenda
1160 313 1474 367 exornandaque
1504 314 1644 367 aliqua
1679 315 1786 357 certe

255 392 300 421 ex
346 381 462 433 parte
506 380 673 421 illorum
702 381 955 422 imitatorem
987 393 1027 422 se
1058 380 1310 433 praestitisse
1330 382 1356 434 ¹,
1401 381 1441 422 et
1472 380 1708 422 Choricium
1739 382 1782 422 in

253 446 437 500 ecphrasi
469 447 666 488 varianda
700 447 1003 500 colorandaque
1048 448 1184 487 totum
1216 459 1256 487 se
1283 446 1334 488 ad
1364 447 1690 489 Alexandrinum
1721 448 1785 490 fa-

252 514 373 555 bulae
412 514 638 555 amatoriae
670 514 832 555 schema
864 514 1149 567 composuisse,
1196 527 1319 567 quam
1350 527 1428 555 non
1460 514 1543 556 iam
1576 515 1786 557 dubitabis

252 580 350 633 ipsis
384 580 599 634 Hippolyti
646 581 685 621 et
723 580 934 621 Phaedrae
973 580 1207 622 nominibus
1238 581 1440 622 decorare.
1472 605 1524 609 ——
1558 581 1624 623 Ad
1655 582 1785 624 extre-

253 659 365 687 mum
398 647 534 688 varios
564 646 736 687 affectus
768 647 955 698 observa,
997 647 1144 700 quibus
1184 648 1328 689 Manto
1363 649 1453 701 post
1485 648 1689 701 repulsam
1723 661 1785 690 ra-

252 713 377 767 pitur,
423 726 569 765 eosque
601 726 739 754 omnes
769 713 847 754 huc
879 715 1148 767 erumpentes,
1188 715 1234 754 ut
1265 715 1414 756 acriter
1447 715 1713 757 excandescat
1742 716 1786 756 in

252 781 453 822 ultionem
486 780 676 820 iuvenilis
708 780 852 832 fastus,
884 780 953 833 qui
985 782 1073 822 erat
1103 781 1276 822 infestus
1307 782 1453 834 prioris
1471 782 1682 824 Phaedrae
1699 783 1784 823 ani-

253 861 356 889 mus.
416 846 549 889 Simul
581 846 717 888 Ovidii
761 847 957 889 memoria
1000 847 1146 900 cuique
1191 848 1374 888 animum
1419 850 1565 901 tanget
1605 861 1784 899 causam,

254 927 335 967 qua
369 913 558 954 Phaedra
598 913 834 966 privignum
871 926 1032 966 pessum
1071 914 1246 965 deflerit,
1290 927 1382 955 cum
1423 915 1682 957 dubitatione
1725 916 1785 957 ita

253 980 528 1034 significantis
561 980 659 1021 Met.
691 979 783 1027 XV,
813 981 914 1021 503:
960 975 1180 1021 ‘indiciine
1222 981 1335 1022 metu
1381 981 1526 1034 magis,
1578 981 1786 1024 offensane

253 1042 487 1100 repulsae?³
501 1048 516 1071 2

388 1114 520 1166 Quam
568 1115 681 1156 nulla
732 1116 871 1156 autem
922 1115 1120 1168 religione
1166 1116 1319 1156 veteres
1370 1115 1621 1158 fabulatores
1674 1117 1786 1158 soliti

253 1181 336 1222 sint
361 1181 537 1228 eandem
581 1182 859 1223 narrationem
900 1182 1072 1223 mutatis
1115 1182 1349 1223 nominibus
1393 1182 1636 1234 instaurare,
1685 1183 1785 1225 Par-

389 1334 399 1353 ¹
426 1334 508 1369 Non
534 1345 619 1368 raro
647 1333 828 1377 epistulae
855 1332 1058 1367 amatoriae
1076 1331 1212 1366 fabulis
1231 1333 1513 1367 romanensibus
1531 1333 1785 1368 intermiscen-

253 1396 332 1437 tur3
373 1405 460 1438 ergo
497 1404 543 1427 ne
577 1403 756 1427 cessemus
793 1392 831 1425 in
858 1391 1197 1425 Alexandrinorum
1225 1394 1261 1426 et
1286 1392 1535 1426 recentiorum
1562 1393 1785 1437 scriptorum

253 1453 397 1487 scriniis
424 1451 546 1486 Ovidii
575 1450 801 1494 exemplaria
828 1450 1017 1495 indagare,
1063 1451 1149 1485 licet
1176 1451 1238 1484 ille
1264 1451 1451 1494 peculiare
1479 1451 1682 1486 Heroidum
1708 1453 1785 1497 epi-

254 1512 437 1546 stularum
478 1522 567 1554 opus
607 1510 802 1544 novaverit
843 1508 904 1554 (cf.
932 1510 1012 1542 Art.
1040 1509 1118 1544 Am.
1148 1509 1211 1553 III,
1240 1511 1332 1552 346).
1386 1510 1495 1544 Velut
1520 1511 1698 1546 Chaereas
1726 1513 1785 1547 lit-

254 1575 351 1605 teras
385 1570 432 1604 ad
461 1570 691 1604 Callirrhoen
718 1581 873 1604 exarans
900 1582 920 1603 a
948 1569 1146 1604 Charitone
1186 1570 1263 1614 (IV,
1290 1572 1322 1604 4.
1353 1570 1485 1604 Herch.
1514 1571 1546 1604 ΙΙ
1574 1583 1608 1615 p.
1639 1573 1696 1615 78)
1734 1571 1786 1606 sic

254 1629 493 1664 describitur:
517 1631 675 1673 Χαιρέας
695 1649 731 1653 -—
752 1624 859 1671 ἤθελε
876 1625 1044 1674 γράφειν,
1063 1626 1137 1661 ἀλλ’
1157 1627 1220 1661 οὐκ
1240 1625 1389 1663 ἐδύνατο
1410 1626 1575 1674 ‹luxoriam›
1597 1627 1785 1674 ἐπιρρεόν-

252 1700 323 1722 των
348 1691 408 1721 καὶ
433 1688 493 1729 τῆς
514 1687 637 1732 χειρὸς
664 1684 771 1721 αὑτοῦ
797 1684 1007 1732 τρεμοὺσης.
1058 1687 1155 1722 Naso
1189 1688 1437 1722 scribentibus
1472 1688 1638 1722 heroinis
1678 1688 1784 1723 lacri-

253 1759 398 1782 marum
422 1747 522 1781 rivos
549 1749 739 1780 manantes
766 1747 926 1780 libenter
952 1746 1100 1791 affingit
1138 1747 1239 1791 (Her.
1266 1747 1331 1790 111,
1358 1748 1390 1781 3.
1418 1747 1498 1791 VII,
1529 1749 1611 1791 1853
1646 1747 1692 1782 cf.
1721 1747 1785 1791 XI,

254 1808 274 1840 3
290 1808 368 1851 sq.).
411 1805 599 1850 Propertii
627 1808 752 1840 autem
770 1806 956 1840 Arethusa
983 1806 1077 1840 illud
1104 1818 1257 1840 acumen
1276 1806 1569 1840 Alexandrinum
1597 1806 1784 1850 integrum

253 1865 292 1898 in
318 1876 422 1899 suam
450 1876 528 1899 rem
555 1865 741 1899 convertit
768 1864 808 1908 V,
836 1866 868 1897 3.
898 1867 917 1899 3
945 1876 1017 1908 sq.:

519 1925 626 1969 siqua
651 1928 777 1959 tamen
805 1925 875 1959 tibi
904 1926 1046 1960 lecturo
1073 1937 1158 1970 pars
1183 1925 1301 1960 oblita
1326 1925 1437 1969 derit,

585 1983 676 2018 haec
699 1984 770 2018 erit
796 1995 815 2018 e
841 1984 1002 2018 lacrimis
1030 1984 1129 2019 facta
1155 1985 1269 2018 litura
1296 1984 1405 2019 meis:

518 2045 583 2077 aut
609 2042 714 2086 siqua
740 2043 881 2077 incerto
909 2042 1015 2077 fallet
1039 2046 1076 2077 te
1104 2043 1232 2077 littera
1258 2046 1393 2087 tractu,

585 2102 691 2146 signa
715 2113 817 2136 meae
843 2102 996 2137 dextrae
1021 2102 1092 2136 iam
1121 2102 1315 2137 morientis
1342 2104 1462 2136 erunt.

252 2160 394 2195 Deinde
421 2172 440 2194 e
466 2172 505 2195 re
528 2161 600 2195 erit
624 2161 805 2195 Paeonem
831 2162 1103 2203 Amathusium,
1135 2161 1300 2196 incertae
1327 2160 1475 2205 quidem
1504 2160 1637 2195 aetatis
1670 2160 1782 2204 scrip-

252 2222 385 2263 torem,
423 2220 587 2262 laudare,
630 2223 760 2264 utpote
795 2221 860 2264 qui
887 2220 1088 2255 Plutarcho
1116 2223 1266 2255 auctore
1298 2219 1418 2262 (Thes.
1446 2231 1475 2254 c.
1502 2219 1585 2265 XX)
1621 2219 1786 2253 narrarit

255 2282 418 2313 maestae
444 2279 631 2313 Ariadnae
657 2279 696 2312 in
724 2278 843 2323 Cypro
872 2279 992 2314 insula
1019 2280 1170 2314 relictae
1196 2279 1368 2313 mulieres
1406 2278 1599 2324 indigenas
1638 2278 1784 2312 litteras

254 2338 432 2373 obtulisse
457 2337 561 2373 fictas
589 2338 690 2373 velut
717 2350 738 2372 a
760 2338 900 2373 Theseo
928 2339 973 2373 ad
998 2350 1080 2373 eam
1106 2339 1234 2372 missas
1265 2334 1482 2383 (γράμματα
1510 2334 1653 2370 πλαστὰ
1680 2349 1784 2381 προς-

254 2399 393 2442 φέρειν,
433 2395 480 2435 ὠς
504 2397 566 2430 τοῦ
592 2399 737 2439 Θησέως
762 2393 970 2443 γράφοντος
996 2395 1109 2444 αὺτῇ).
1160 2397 1218 2431 En
1257 2396 1370 2431 habes
1409 2395 1531 2430 herois
1571 2394 1784 2439 epistulam!

252 2455 443 2490 Phaedrae
470 2458 593 2490 autem
621 2456 781 2500 epistula
808 2455 990 2490 Ovidiana
1015 2467 1056 2490 eo
1084 2455 1211 2490 differt
1238 2468 1258 2489 a
1283 2455 1435 2498 reliquis
1463 2475 1505 2478 —
1534 2465 1620 2488 nam
1647 2453 1691 2487 de
1718 2452 1785 2487 Pa-

252 2514 343 2548 ridis
373 2514 490 2559 (XVI)
518 2518 554 2549 et
568 2515 717 2550 Acontii
737 2515 837 2559 (XX)
863 2514 1107 2559 epistularum
1133 2518 1286 2549 auctore
1313 2514 1518 2558 ambigitur
1537 2531 1593 2556 —,
1619 2511 1717 2556 quod
1746 2512 1785 2545 in

254 2584 296 2607 ea
321 2574 447 2617 puella
473 2577 595 2608 amato
621 2574 747 2609 iuveni
772 2586 934 2608 amorem
960 2573 1126 2608 declarat
1153 2576 1190 2608 et
1216 2585 1299 2607 eum
1326 2575 1467 2616 exorat,
1493 2575 1535 2607 ut
1559 2571 1630 2606 sibi
1654 2571 1710 2605 sui
1728 2582 1784 2606 co-

255 2630 355 2674 piam
385 2631 508 2666 faciat.
561 2632 771 2668 Choricium
798 2633 916 2679 igitur
942 2633 981 2667 in
1005 2633 1074 2667 hac
1101 2632 1316 2677 quaestione
1342 2631 1418 2666 noli
1443 2631 1550 2675 parvi
1575 2630 1747 2674 pendere.

392 2690 405 2709 ²
434 2689 487 2724 Cf.
512 2702 624 2735 supra
658 2703 694 2736 p.
723 2693 778 2735 59,
817 2703 889 2736 quo
923 2692 1004 2727 loco
1037 2702 1240 2736 provocare
1273 2690 1378 2735 potui
1404 2689 1451 2724 ad
1476 2688 1668 2733 Euripidis
1695 2687 1784 2732 Hip-

253 2748 421 2792 polytum
448 2748 493 2783 de
519 2761 698 2785 novercae
725 2751 878 2785 crimine
904 2751 1077 2796 ambigue
1102 2750 1315 2794 loquentem
1341 2761 1375 2784 v.
1403 2748 1493 2782 1032
1524 2759 1592 2792 sq.:

588 2810 619 2841 εἰ
645 2808 677 2841 δ’
705 2806 769 2851 ἥδε
795 2809 1020 2855 (Ῡειμαίινουθ
1047 2806 1238 2843 ἀπώλεσεν
1262 2811 1353 2852 βίον,

586 2863 650 2900 οὐκ
677 2867 763 2901 οἷδ’·
793 2868 877 2913 ἐμοὶ
902 2866 972 2913 γὰρ
999 2866 1040 2901 οὐ
1065 2870 1174 2914 θέμις
1199 2870 1293 2913 πέρα
1320 2868 1449 2912 λέγειν.
