1912 3310
977 175 1044 208 122

248 286 302 327 sit
338 298 430 327 cum
467 283 696 339 pulvisculo
733 287 831 329 haec
872 287 1046 329 materia
1082 301 1105 329 a
1144 288 1243 329 viris
1281 288 1412 329 doctis
1434 290 1456 329 ¹.
1526 288 1581 330 At
1611 288 1775 342 Apuleii

246 353 486 394 memoriam
525 354 759 396 refricabam
801 354 935 405 velim,
984 354 1132 408 quippe
1164 355 1235 407 qui
1265 354 1518 407 impudicam
1548 355 1664 397 illam
1704 368 1776 397 110-

246 430 421 471 vercam,
454 419 629 461 alteram
651 420 893 471 Phaedram,
929 420 1128 462 saevienti
1158 420 1230 462 deo
1262 421 1411 462 sensim
1444 422 1776 463 succumbentem

245 484 450 526 describat
480 486 519 526 et
549 486 630 527 ista
668 487 815 528 salutis
859 488 1078 540 vultusque
1115 487 1380 540 detrimenta,
1426 500 1530 541 quae
1567 488 1606 529 et
1641 488 1775 541 aegris

245 551 284 592 et
314 551 550 593 amantibus
582 554 827 594 examussim
862 554 1128 595 conveniant:
1171 554 1366 606 pallorem
1399 554 1635 609 deformem,
1666 568 1777 597 mar-

245 619 379 659 centes
417 619 566 672 oculos,
604 619 712 660 lassa
743 633 890 672 genua,
923 620 1006 661 alia
1039 620 1279 662 minutatim
1320 622 1588 663 consectetur.
1647 622 1778 664 Vaces

245 685 497 737 postremum
529 686 613 727 eius
644 686 912 739 loquacitati:
942 682 1157 729 ‘Crederes
1188 688 1227 729 et
1251 687 1368 729 illam
1391 687 1589 729 fluctuare
1611 688 1776 729 tantum

246 751 465 803 vaporibus
498 752 686 803 febrium,
719 753 798 794 nisi
831 754 936 806 quod
971 755 1009 795 et
1035 754 1169 796 flebat.
1218 755 1310 796 Heu
1333 755 1583 796 medicorum
1605 755 1776 808 ignarae

244 820 418 860 mentes!
480 820 587 872 Quid
619 833 745 862 venae
777 821 931 874 pulsus,
983 821 1080 875 quid
1113 822 1260 863 caloris
1297 822 1630 874 intemperantia,
1677 822 1775 875 quid

245 884 447 937 fatigatus
479 886 685 928 anhelitus
717 889 756 929 et
787 888 1112 941 utrimquesecus
1150 888 1330 930 iactatae
1367 888 1562 929 crebriter
1598 888 1773 930 laterum

246 952 412 993 mutuae
443 952 776 996 vicissitudines?
837 955 888 995 Di
921 955 1036 996 boni!
1097 956 1228 1007 Quam
1269 955 1403 996 facilis
1433 955 1529 1004 licet
1561 968 1640 996 non
1673 955 1776 996 arti·

246 1018 311 1059 fici
344 1019 515 1067 medico,
559 1021 689 1062 cuivis
722 1022 859 1063 tamen
893 1022 1012 1064 docto
1049 1022 1245 1064 Veneriae
1277 1022 1481 1075 cupidinis
1513 1022 1777 1075 comprehen-

246 1085 318 1136 sio,
351 1098 442 1127 cum
475 1087 612 1128 videas
645 1088 825 1141 aliquem
855 1089 940 1130 sine
970 1090 1149 1142 corporis
1179 1089 1313 1130 calore
1343 1089 1619 1142 flagrantem'.
1652 1113 1694 1117 -—
1717 1089 1775 1130 Ex

247 1153 393 1206 quibus
439 1154 627 1196 omnibus
673 1168 752 1196 non
795 1157 971 1209 amplius
1011 1156 1155 1198 dubito
1193 1156 1434 1198 concludere
1470 1156 1512 1197 in
1552 1156 1775 1209 exemplari

245 1220 316 1261 illo
355 1220 643 1272 Alexandrino,
694 1223 809 1265 cuius
856 1224 968 1265 certa
1018 1224 1193 1277 vestigia
1238 1224 1359 1265 antea
1397 1223 1541 1275 detexi,
1587 1219 1773 1264 Cressam

246 1287 437 1340 puellam,
470 1289 652 1330 omnium
684 1290 840 1343 perdite
870 1291 1101 1332 amantium
1141 1290 1380 1343 exemplum,
1427 1290 1616 1332 omnibus
1653 1303 1774 1332 orna-

246 1356 476 1396 mentorum
500 1356 668 1397 illorum
701 1357 923 1399 luminibus
956 1358 1192 1399 decoratam
1224 1357 1368 1406 fuisse3
1406 1358 1548 1399 contra
1580 1356 1774 1399 Senecam

245 1421 319 1463 hoc
349 1423 569 1475 exemplari
600 1437 718 1465 usum
749 1425 855 1466 male
889 1425 1076 1467 sedulum
1100 1425 1340 1466 ornamenta
1361 1438 1384 1466 a
1411 1424 1573 1478 tragica
1596 1424 1773 1467 Camena

245 1488 497 1530 alienissima
542 1490 705 1532 fabulae
741 1505 837 1533 suae
867 1505 1011 1545 parum
1051 1492 1159 1545 aptis
1200 1492 1300 1533 locis
1337 1491 1602 1533 admiscuisse
1638 1492 1774 1545 eisque

245 1557 453 1609 practerea
492 1570 583 1598 cum
621 1558 824 1600 coloribus
855 1559 1062 1601 scaenisve
1094 1559 1324 1612 Euripideis
1363 1559 1519 1613 pingui,
1569 1559 1613 1599 ut
1643 1559 1773 1619 aiunt,

243 1622 429 1665 Minerva
462 1626 726 1666 commutatis
759 1627 1079 1668 concinnitatem
1111 1639 1353 1668 scaenarum
1384 1627 1582 1668 turbasse.

376 1691 560 1745 Denique
603 1693 783 1734 eiusdem
828 1693 1084 1737 adventiciae
1126 1695 1228 1736 artis
1269 1694 1445 1747 vestigia
1490 1695 1627 1735 tenere
1672 1693 1773 1734 mihi

244 1757 382 1799 videor
411 1759 452 1800 in
487 1762 680 1813 sequente
711 1773 876 1812 scaena,
920 1775 1000 1815 qua
1033 1762 1221 1804 Phaedra
1250 1762 1392 1803 solitos
1426 1761 1602 1803 amictus
1633 1773 1772 1814 asper-

243 1837 346 1865 nans
375 1825 417 1866 in
448 1827 573 1868 silvas
605 1828 701 1869 ferri
732 1829 772 1870 et
801 1831 995 1871 venatum
1026 1830 1084 1871 ire
1115 1829 1267 1882 expetit
1297 1832 1353 1879 (v.
1385 1830 1465 1870 387
1497 1827 1586 1882 sq),
1629 1828 1769 1882 qualia

243 1891 458 1945 Euripides
491 1907 652 1948 quoque
694 1895 864 1938 denotat
912 1897 979 1951 (cf.
1010 1910 1046 1938 v.
1081 1898 1158 1938 201
1191 1910 1250 1950 sq.
1283 1898 1362 1938 215
1394 1898 1485 1950 sq.).
1546 1896 1623 1939 Sed
1652 1896 1772 1949 poeta

243 1959 455 2001 Romanus
501 1973 585 2002 rem
634 1962 764 2004 faceto
816 1963 991 2016 quodam
1040 1965 1228 2005 acumine
1273 1963 1424 2013 condit,
1476 1976 1568 2005 cum
1615 1963 1774 2016 Hippo-

242 2026 328 2078 lyto
366 2028 588 2069 Amazonis
630 2029 714 2070 filio
749 2030 927 2083 puellam
961 2032 1219 2072 Amazonum
1265 2031 1410 2072 habitu
1452 2030 1667 2084 procedere
1707 2043 1773 2072 ex-

244 2094 448 2145 petentem
480 2097 764 2138 accommodat
800 2099 854 2146 (v.
887 2098 968 2138 399
1000 2100 1103 2151 sq),
1146 2098 1255 2151 quod
1286 2098 1445 2151 tragico
1479 2097 1697 2150 exemplari
1728 2109 1773 2139 eo

242 2161 511 2204 confidentius
551 2164 718 2217 abrogo,
765 2177 843 2217 quo
890 2165 1051 2217 planius
1090 2166 1283 2206 iunctura
1326 2164 1433 2206 male
1467 2164 1629 2206 occulta
1661 2177 1773 2206 com-

242 2228 458 2280 pilatorem
497 2230 645 2282 prodit.
705 2231 914 2272 Nimirum
957 2244 1095 2273 comae
1135 2232 1322 2283 solutae,
1372 2244 1473 2285 quas
1510 2231 1583 2273 illa
1622 2232 1774 2273 temere

242 2295 371 2337 iactas
403 2297 553 2337 collum
589 2309 829 2351 umerosque
859 2298 1098 2350 perfundere
1144 2299 1257 2351 cupit
1302 2300 1356 2349 (V.
1392 2297 1506 2351 394),
1552 2299 1772 2340 manifesto

242 2363 481 2416 obstrepunt
514 2365 771 2406 Amazonum
806 2365 932 2406 comis
972 2366 1013 2406 in
1054 2366 1205 2406 nodum
1248 2366 1436 2420 religatis
1483 2364 1536 2419 (v.
1571 2366 1649 2406 401
1682 2365 1772 2418 sq.).

242 2429 429 2471 Alterum
462 2431 548 2472 sine
579 2432 701 2473 dubio
733 2433 784 2474 ab
806 2433 1000 2486 Euripide
1033 2434 1100 2481 (cf.
1126 2447 1160 2475 v.
1179 2433 1277 2485 202)
1310 2434 1525 2474 mutuatus
1557 2434 1638 2481 est;
1669 2433 1774 2474 alte-

241 2508 332 2537 rum
367 2520 414 2525 —
447 2498 555 2540 unde
587 2500 738 2541 habet?
770 2499 1069 2542 Alexandrinos
1101 2501 1272 2542 eroticos
1305 2501 1394 2553 scis,
1427 2512 1519 2541 cum
1549 2499 1622 2541 illo
1654 2512 1773 2552 prae-

242 2562 357 2615 cipue
390 2565 571 2618 tempore
601 2567 777 2608 venandi
807 2568 991 2609 studium
1022 2581 1069 2609 ac
1092 2568 1282 2621 voluptas
1303 2567 1464 2609 floreret
1476 2568 1503 2620 ²,
1534 2566 1771 2608 fastidiosas

377 2722 387 2741 ¹
416 2721 468 2756 Cf.
496 2722 647 2768 Dilthey
674 2725 696 2758 l.
724 2725 746 2759 l.
773 2737 809 2769 p.
837 2725 881 2759 70
900 2737 952 2770 sq.
979 2725 1110 2761 Rohde
1136 2727 1159 2760 1.
1186 2727 1209 2760 1.
1237 2738 1272 2771 p.
1295 2727 1361 2760 157
1379 2737 1432 2770 sq.
1474 2725 1630 2760 Brevius
1643 2723 1771 2769 Byblis

242 2780 333 2815 talia
358 2780 464 2826 signa
490 2786 640 2817 enarrat
666 2782 730 2818 Ov.
750 2784 837 2819 Met.
864 2785 927 2829 IX,
954 2787 1021 2819 535
1041 2797 1094 2830 sq.

375 2840 387 2859 ²
415 2839 467 2874 Cf.
494 2839 629 2886 Helbig
655 2842 956 2889 Untersuchung.
983 2857 1017 2889 p.
1046 2846 1113 2879 274
1141 2857 1194 2890 sq.

1843 3105 1887 3310 ἓὼᾷἶθῖνᾉπῧή
1886 3084 1888 3087 .
1869 2991 1890 3019 ἴ“-”
1890 2964 1891 2967 „
1881 2927 1883 2929 ·
