1912 3310
864 194 905 228 51

114 305 307 346 Velatum
339 304 548 357 expilasse,
582 306 610 347 ii
644 318 779 347 secum
812 307 1014 358 reputent⁷
1045 307 1095 348 ad
1115 309 1313 360 quantum
1347 311 1550 352 ambitum
1578 310 1642 352 in—

113 371 428 424 terpolationem
478 371 704 413 Coroniferi
750 373 962 414 extendere
1007 373 1193 416 debeant.
1253 375 1455 418 Diodorus
1499 377 1644 419 deinde

113 437 348 490 Asclepiadi
378 437 615 480 simillimus
646 439 688 479 in
713 451 757 480 eo
780 440 852 489 est,
891 439 997 492 quod
1021 441 1180 482 nutrice
1202 442 1350 483 omissa
1373 444 1522 484 amoris
1545 456 1641 485 con-

113 505 330 546 fessionem
360 503 618 556 paucissimis
648 505 837 547 absolvit.
900 506 1059 547 Additl
1094 506 1325 549 Phaedram
1358 509 1541 551 Athenas
1578 523 1642 552 re-

113 584 273 614 versam
288 583 384 620 esse,
406 571 453 611 ut
474 571 712 624 privignum
734 572 840 624 apud
865 573 1062 614 Theseum
1087 575 1422 617 calumniaretur.
1463 576 1641 619 Scaenae

113 638 345 688 translatio,
379 649 482 690 quae
519 637 757 691 tragoediae
795 639 1006 691 obstrepit,
1038 640 1256 682 historicae
1288 642 1642 683 verisimilitudini

114 705 317 748 convenit.
391 704 501 746 Nam
545 705 723 746 Theseus
776 718 841 746 rex
893 706 1128 748 deversatus
1177 707 1246 749 ille
1292 709 1432 761 paucis
1475 710 1641 750 tantum

113 773 255 815 diebus
285 772 394 825 apud
425 771 636 812 Pittheum
674 795 722 799 —-
755 772 956 813 omittunt
998 773 1194 814 nimirum
1227 776 1512 828 compilatores
1545 776 1642 818 Pal-

111 840 367 882 lantidarum
408 851 546 880 necem
585 863 634 866 —
674 852 806 880 nonne
843 840 1017 881 Athenis
1059 841 1219 893 imperii
1262 843 1428 895 negotia
1466 844 1642 895 recipere

114 907 264 949 debet?
324 905 402 948 Sed
444 906 633 947 contorta
671 906 867 955 narratio,
916 919 1020 959 qnae
1058 908 1254 960 sequitur,
1304 909 1441 961 paullo
1482 909 1642 950 altioris

112 973 321 1027 indaginis
352 974 431 1014 est:
484 971 662 1026 Θησέως
693 971 738 1013 δὲ
769 969 1046 1024 διστάζοντος
1076 974 1177 1026 περὶ
1210 974 1286 1030 τῆς
1316 974 1529 1031 διαβολῆς,
1572 974 1641 1016 καὶ

113 1038 190 1081 τὸν
231 1035 496 1081 Ἱππόλυτον
538 1039 936 1092 ,ιιεταπεμπσμέιόυ
978 1038 1090 1094 πρὸς
1126 1038 1200 1081 τὸν
1246 1038 1429 1096 ἔλεγχον,
1477 1041 1642 1096 Φαίδρα

113 1107 191 1162 μὲν
220 1108 476 1163 φοβηθΐῖσα
507 1103 1643 1165 τόνέξεηῃηαὴ’(ὓἚκρὲμασενέαττήν,ἷβτπύλυτος

114 1174 162 1217 δὲ
195 1171 520 1228 ἁρματηλαταῇῃ
569 1169 627 1222 (ὃς
658 1166 813 1229 {zoroe
845 1173 897 1214 τὰ
928 1174 1029 1227 περὶ
1063 1177 1134 1229 τῆς
1165 1175 1380 1230 ὁαηῖσλῆς,
1426 1172 1641 1230 συνεχύθη

113 1239 190 1299 τὴν
222 1236 374 1296 ψωχήν,
419 1240 489 1281 καὶ
532 1237 601 1281 δαὶ
637 1242 772 1281 τοῦτο
814 1242 900 1281 ιῖῦν
936 1241 1091 1282 ἥτπισν
1126 1242 1431 1295 Ταραχθέντων
1469 1242 1641 1284 κτλ.--

115 1309 336 1352 Considera
375 1308 496 1350 modo
533 1309 642 1350 circa
679 1309 784 1350 hanc
814 1322 898 1349 rem
936 1310 1130 1351 historico
1162 1310 1450 1351 difficultatem
1482 1323 1640 1352 omnem

114 1376 232 1430 verti,
281 1375 485 1429 quomodo
529 1375 768 1428 Neptunum
815 1376 969 1416 horridi
1017 1377 1191 1417 monstri
1236 1377 1558 1418 machinatorem
1604 1379 1644 1419 et

114 1442 330 1496 Hippolyti
369 1443 699 1496 exsecrationem,
746 1444 792 1483 ut
824 1456 927 1496 qnae
956 1445 1129 1484 mortem
1171 1444 1452 1496 pragmaticae
1491 1445 1642 1485 rationi

114 1511 412 1564 repugnantem
448 1510 613 1560 inferat,
660 1522 887 1563 expungere
928 1511 1066 1563 possit.
1126 1510 1272 1564 Itaque
1304 1511 1483 1552 Theseus
1514 1511 1642 1551 animi

115 1577 292 1630 pendet2
323 1577 362 1618 et
392 1589 455 1618 res
487 1577 530 1617 in
552 1589 596 1618 co
619 1577 693 1629 est,
727 1578 772 1617 ut
793 1577 1041 1631 Hippolytus
1064 1578 1310 1628 arcessatur3
1343 1580 1431 1618 tum
1455 1577 1641 1618 Phaedra

115 1644 330 1698 Hippolyti
370 1644 596 1685 instantem
637 1644 910 1685 defensionem
953 1645 1096 1697 verita,
1143 1644 1207 1685 cui
1247 1644 1424 1685 Theseus
1472 1644 1642 1685 fortasse

115 1711 236 1753 fidem
265 1711 483 1752 habiturus
515 1711 582 1763 sit,
621 1713 751 1752 morte
782 1711 1016 1752 voluntaria
1048 1724 1131 1752 rem
1163 1711 1338 1752 conficit.
1400 1712 1454 1751 At
1484 1711 1642 1764 Hippo-

112 1778 223 1832 lytus
253 1777 363 1831 patri
398 1789 439 1818 se
475 1790 657 1830 purgans
694 1777 859 1818 omnino
892 1790 971 1819 11011
1005 1778 1256 1831 producitur,
1295 1778 1391 1831 quia
1428 1791 1519 1819 eum
1551 1779 1641 1818 tum

113 1846 196 1887 iam
227 1844 410 1897 oportuit
441 1843 489 1885 de
519 1857 716 1886 novercae
747 1845 964 1886 calumniis
995 1845 1211 1885 certiorem
1242 1844 1342 1895 fieri,
1371 1857 1475 1898 quae
1502 1845 1642 1897 postea

115 1911 232 1966 quasi
261 1907 423 1965 λύσσης
461 1924 627 1952 munere
665 1912 909 1965 funguntur.
969 1912 1026 1952 Ex
1067 1912 1214 1965 quibus
1255 1912 1442 1952 omnibns
1481 1910 1558 1952 tibi
1593 1923 1642 1951 ne

114 1991 240 2020 unam
281 1979 445 2032 quidem
482 1978 719 2031 tragoediae
759 1991 948 2020 scaenam
989 1978 1181 2032 effingere
1223 1978 1450 2031 contingat.
1510 1978 1642 2018 Immo

114 2045 295 2088 Diodoro
321 2045 492 2087 eundem
523 2046 750 2087 similemve
780 2047 1049 2098 archetypum
1079 2048 1204 2099 atque
1227 2044 1461 2098 Asclepiadi
1482 2045 1642 2096 praesto

115 2113 250 2163 fuisse,
300 2125 421 2166 quem
467 2125 539 2154 3110
573 2112 705 2154 Marte
747 2113 967 2154 historicae
1004 2113 1155 2154 rationi
1192 2111 1532 2161 accommodaret,
1579 2110 1643 2152 vel

114 2179 208 2222 inde
239 2180 420 2234 apparet,
453 2180 561 2233 quod
593 2180 700 2233 apud
732 2182 954 2233 utrumqne
976 2181 1082 2222 ratio
1105 2180 1371 2228 desideratur,
1403 2190 1484 2230 qua
1506 2172 1529 2231 ἡ
1552 2175 1643 2217 δια-

114 2245 222 2304 βολὴ
251 2242 417 2303 φανερὰ
448 2245 644 2301 γίγνεται.
705 2247 908 2288 Diodorus
940 2249 1078 2289 autem
1112 2247 1238 2288 etiam
1259 2244 1491 2288 accuratius
1514 2243 1642 2284 altero

116 2313 310 2356 describit
339 2313 545 2366 Euripidis
576 2327 739 2355 versum
772 2315 876 2355 1310
910 2314 1028 2354 1110ᾶο
1060 2314 1233 2355 allatum
1270 2313 1312 2354 in
1345 2312 1425 2353 his:
1475 2309 1643 2364 Φαίδρα

113 2378 191 2432 μὲν
211 2381 465 2436 φοβηθεῖσα
478 2376 554 2421 τὸν
575 2378 808 2433 ἐξετασμόν
833 2382 979 2434 aptans
1001 2393 1092 2422 eum
1116 2380 1281 2433 quidem
1303 2391 1375 2420 suo
1396 2378 1604 2432 proposito
1615 2379 1642 2419 3.

250 2571 262 2590 ¹
290 2573 362 2605 Καὶ
388 2571 667 2605 ἐπανελθοῦσαν
700 2572 750 2608 εἰς
780 2567 842 2608 τὰς
869 2567 877 2579 ’
899 2566 1014 2611 θήιτις
1048 2571 1162 2604 εἰπεῖν
1200 2569 1262 2613 (sc.
1292 2570 1401 2615 φασί)
1438 2569 1488 2614 τῷ
1521 2571 1644 2613 Θησεῖ,

109 2627 209 2665 -διότι
235 2625 432 2672 ἐπεβάλετο
457 2627 666 2668 Ἱππόλυτος
692 2626 779 2676 αἰτῇ
804 2629 965 2674 μιγῆναι.

259 2689 273 2709 ²
298 2688 377 2723 Hoc
402 2689 442 2722 in
466 2689 542 2723 ulla
567 2701 730 2733 unquam
758 2688 951 2733 tragoedia
987 2687 1110 2721 locum
1141 2686 1306 2721 invenire
1340 2685 1503 2730 potuisse
1534 2685 1643 2719 antea

117 2747 261 2792 negavi.

251 2805 266 2826 ⁸
295 2805 532 2840 Praeclarum
559 2805 755 2840 affinitatis
782 2804 1003 2848 exemplum,
1042 2814 1135 2846 quae
1166 2802 1330 2837 Diodoro
1369 2813 1452 2837 cum
1488 2801 1644 2835 historia

119 2865 349 2909 Asclepiadis
374 2865 524 2899 nomine
550 2869 682 2899 ornata
707 2864 918 2907 intercedit,
945 2862 1131 2898 Schwartz
1158 2863 1195 2906 (l.
1223 2863 1245 2896 l.
1271 2873 1306 2906 p.
1324 2862 1393 2895 452
1411 2862 1480 2904 sq.)
1503 2860 1644 2903 attulit,
