1912 3310
1017 195 1083 228 112

285 306 509 348 transitum
547 306 623 348 sibi
654 308 774 360 parat
805 307 856 349 ad
888 321 1030 349 verum
1067 307 1204 361 ignem
1243 309 1519 361 aperiendum.
1560 334 1610 339 —
1658 310 1814 353 Deinde

285 373 449 427 quidem
467 374 632 426 Apuleii
662 374 802 416 fabula
831 375 1037 427 propriam
1066 375 1175 416 viam
1209 375 1459 428 ingreditur3
1494 390 1588 418 nam
1611 377 1644 418 si
1666 377 1814 419 disces-

284 440 383 481 seris
427 441 478 481 ab
519 440 693 482 externis
736 441 1016 482 lineamentis:
1071 442 1232 493 repulsa
1278 454 1474 484 novercae
1518 443 1610 485 odio
1655 445 1814 485 calum-

284 507 456 560 niisque,
503 520 608 560 quae
645 509 886 549 conservata
930 508 1038 558 sunt,
1087 509 1294 561 ceteroqui
1329 509 1630 563 transfigurata
1671 511 1731 551 est
1771 511 1813 551 in

284 588 421 617 veram
453 574 671 615 historiam
702 574 937 615 iudicialem
969 586 1016 615 ac
1047 574 1260 616 forensem.

417 642 568 682 Verum
601 641 676 681 hoc
706 653 796 682 mea
826 640 1050 693 plurimum
1082 642 1229 682 refert:
1261 642 1303 682 in
1324 641 1486 695 Apuleii
1520 642 1661 684 fabula
1687 656 1812 696 argu-

282 709 410 750 menti
444 721 660 758 summam,
694 720 774 760 qua
805 708 876 748 illa
900 707 1110 749 Romanae
1131 709 1369 761 tragoediae
1388 721 1534 751 scaena
1566 710 1811 761 continetur,

282 775 606 828 recognovimus,
642 775 699 828 ut,
732 776 927 827 quoniam
944 775 992 816 de
1011 774 1166 816 Graeca
1183 775 1347 817 fabulae
1365 776 1522 829 origine
1539 776 1721 818 dubitari
1744 789 1812 818 ne-

283 843 385 896 quit,
432 842 514 883 iam
547 854 651 883 novo
687 842 931 895 argumento
964 842 1188 895 colligatur
1219 842 1455 895 Euripidem
1487 843 1593 884 hanc
1624 856 1810 885 scaenam

282 909 497 950 invenisse.
542 908 618 951 Cui
648 908 801 949 iudicio
832 921 911 949 non
942 908 1073 956 video,
1105 909 1203 962 quid
1235 909 1380 950 melius
1411 922 1644 952 succurrere
1671 910 1812 964 possit,

282 989 405 1029 quam
450 976 576 1029 ipsius
618 975 783 1028 Apuleii
830 975 952 1017 verba
994 976 1158 1017 fabulae
1208 976 1410 1029 praefixa:
1467 976 1598 1019 ‘Iam
1642 977 1813 1019 lector

283 1043 487 1096 optime,
529 1043 742 1084 scitote
778 1043 1122 1096 tragoediam,
1169 1056 1262 1084 non
1304 1043 1527 1085 fabulam
1559 1045 1730 1098 legere
1763 1045 1812 1086 et

281 1123 303 1151 a
348 1122 493 1151 socco
540 1109 602 1151 ad
648 1110 954 1151 cothurnum
1000 1104 1319 1152 ascendere'.
1381 1110 1487 1162 Quid
1533 1112 1693 1153 multa?
1751 1113 1812 1153 De

282 1178 402 1219 huius
444 1177 640 1231 prooemii
677 1177 850 1230 pondere
889 1190 961 1218 nos
1002 1190 1081 1219 non
1120 1190 1235 1230 posse
1269 1179 1368 1230 puto
1399 1178 1619 1231 ambigere,
1665 1178 1813 1231 quippe

281 1246 389 1299 quod
412 1245 697 1287 Madaurensis
719 1246 826 1286 certe
849 1257 928 1285 non
949 1244 998 1286 de
1019 1257 1090 1286 suo
1112 1245 1277 1298 ingenio
1310 1245 1373 1287 vel
1396 1245 1582 1286 doctrina
1604 1245 1812 1299 adiecerit,

282 1326 374 1356 cum
411 1315 451 1355 et
481 1314 571 1354 tota
614 1313 825 1354 actionum
853 1312 1082 1365 implicatio
1117 1312 1257 1354 fabula
1289 1312 1523 1354 romanensi
1555 1313 1618 1354 vel
1650 1312 1811 1353 Milesia

281 1381 524 1435 dignissima
554 1393 625 1433 pro
646 1380 875 1433 tragoedia,
908 1393 1031 1433 quam
1063 1392 1110 1422 ne
1133 1379 1258 1422 dictio
1292 1380 1456 1434 quidem
1488 1380 1656 1431 redolet,
1690 1380 1811 1421 nimis

280 1449 495 1491 vehemens
534 1449 589 1489 sit
632 1449 670 1489 et
715 1447 846 1488 altera
893 1447 1056 1488 fabulae
1098 1460 1192 1500 pars
1236 1448 1443 1501 tragicum
1490 1447 1665 1489 colorem
1711 1447 1810 1489 adeo

280 1516 477 1565 amiserit,
509 1517 556 1556 ut
587 1515 711 1556 etiam
743 1514 915 1555 nutricis
937 1515 1072 1567 partes
1102 1514 1292 1567 demptae
1315 1515 1409 1565 sint,
1440 1515 1570 1556 altera
1589 1514 1811 1556 maximam

280 1585 438 1637 partem
472 1583 514 1623 in
549 1582 712 1623 iudiciis
750 1594 797 1623 ac
836 1582 922 1623 foro
968 1582 1132 1635 agatur.
1193 1582 1391 1622 Attamen
1431 1582 1522 1623 tota
1568 1581 1719 1623 fabella
1766 1594 1812 1622 ex

279 1664 361 1692 una
393 1650 614 1703 eademque
636 1648 792 1690 Graeca
822 1648 987 1690 officina
1019 1649 1184 1701 prodiit,
1218 1648 1333 1689 cuius
1355 1648 1413 1689 rei
1435 1648 1648 1690 Heliodori
1670 1648 1811 1690 fabula

280 1718 328 1760 de
360 1717 563 1759 Cnemone
593 1716 733 1766 (Aetli.
766 1717 798 1767 I,
831 1717 855 1757 9
887 1718 980 1769 sq),
1013 1728 1136 1768 quam
1169 1727 1292 1767 supra
1322 1715 1403 1756 iam
1434 1715 1556 1768 tetigi
1587 1728 1635 1757 ac
1665 1716 1809 1756 statim

280 1785 554 1839 pertractabo,
600 1783 701 1825 satis
742 1784 883 1836 aperto
926 1783 1079 1824 indicio
1127 1783 1187 1824 est
1229 1784 1370 1835 utpote
1415 1783 1466 1824 ab
1509 1783 1649 1824 eodem
1695 1782 1809 1824 simi-

278 1852 359 1893 live
390 1852 610 1905 archetypo
641 1851 832 1903 pendens.
894 1850 1040 1903 Itaque
1080 1862 1158 1890 non
1198 1849 1356 1900 dubito,
1405 1849 1502 1902 quin
1535 1850 1598 1890 illi
1633 1849 1810 1903 fabulae,

280 1932 383 1973 quae
427 1918 659 1971 antiquitus
701 1930 854 1970 magna
901 1930 945 1958 ex
990 1917 1106 1970 parte
1151 1916 1202 1957 ad
1241 1916 1458 1970 Hippolyti
1499 1916 1635 1957 Velati
1677 1928 1811 1957 exem-

278 1987 368 2039 plar
398 1986 573 2027 conficta
614 1998 636 2027 a
674 1985 798 2026 variis
839 1984 1030 2026 manibus
1074 1982 1373 2036 transfigurata
1405 1983 1476 2033 est,
1523 1982 1650 2024 donec
1690 1983 1808 2034 hanc,

281 2066 405 2107 quam
444 2054 642 2104 tenemus,
687 2053 862 2094 formam
906 2051 1055 2102 induit,
1105 2051 1202 2093 olim
1247 2051 1294 2092 ut
1337 2050 1379 2091 in
1411 2050 1625 2091 Parthenii
1666 2062 1810 2091 narra-

277 2121 459 2162 tionibus
498 2121 754 2173 adscriptum
794 2119 937 2160 fuerit:
983 2115 1150 2172 ἱστορεῖ
1179 2113 1421 2172 Εὐριπίδης
1458 2118 1531 2159 aut
1571 2117 1655 2159 tale
1686 2116 1809 2170 quid3

279 2199 384 2239 quae
416 2187 629 2240 inscriptio
670 2200 766 2228 casu
804 2187 844 2228 in
881 2199 961 2228 uno
1000 2187 1183 2228 alterove
1227 2185 1407 2239 exemplo
1453 2197 1579 2238 usque
1610 2184 1662 2226 ad
1694 2184 1810 2237 Apu-

279 2255 349 2297 leii
394 2256 579 2307 tempora
625 2254 828 2295 duravitl.
893 2253 1035 2306 Neque
1076 2253 1208 2306 igitur
1249 2252 1300 2293 ad
1346 2253 1573 2293 extremum
1613 2251 1654 2292 id
1691 2251 1808 2304 parvi

279 2322 600 2372 aestimandum,
652 2321 761 2374 quod
808 2320 1006 2374 Apuleius
1057 2319 1107 2373 (c.
1152 2319 1205 2372 V)
1261 2320 1402 2361 narrat
1450 2331 1668 2360 novercam
1715 2331 1810 2372 pro—

279 2390 419 2431 bosam
465 2389 802 2430 sollicitationem
849 2388 1067 2429 mentitam
1107 2387 1215 2428 ultro
1254 2387 1416 2428 finxisse
1456 2386 1694 2439 privignum
1731 2385 1808 2427 sibi

280 2457 330 2498 ob
376 2457 584 2498 detectum
622 2456 828 2509 flagitium
877 2455 1016 2508 gladio
1062 2454 1361 2496 comminatum
1408 2466 1504 2504 esse,
1550 2452 1810 2506 quandoqui-

279 2523 369 2565 dem
416 2523 672 2564 consimilem
719 2523 894 2565 Senecae
940 2522 1179 2563 fictionem2
1223 2521 1411 2574 Euripidi
1456 2520 1630 2562 fortasse
1674 2519 1809 2561 vindi-

415 2699 425 2718 ¹
452 2699 654 2743 Apuleium
680 2699 797 2743 ipsam
824 2699 983 2734 Senecae
1010 2698 1175 2733 fabulam
1202 2700 1288 2732 ante
1323 2697 1447 2732 oculos
1482 2694 1664 2737 habuisse,
1699 2693 1729 2727 si
1755 2704 1808 2736 ea,

281 2768 376 2801 quae
400 2769 512 2802 supra
537 2758 700 2802 exposui,
725 2758 922 2803 reputaris,
948 2770 1021 2792 non
1049 2757 1206 2801 amplius
1234 2755 1451 2791 affirmabis.

415 2817 428 2836 ²
453 2815 592 2850 Seneca
630 2816 756 2851 differt
793 2829 835 2851 eo
873 2819 1034 2859 tantum,
1074 2815 1173 2859 quod
1206 2815 1431 2859 Hippolytus
1471 2812 1596 2858 gladio
1634 2810 1806 2856 pudieam

280 2874 456 2909 terruisse
486 2874 625 2908 dicitur
650 2886 683 2909 v.
710 2875 789 2909 728.
816 2875 896 2908 891.
1683 2895 1685 2898 .
