1912 3310
807 183 846 216 11

63 299 149 352 ipso
181 297 301 340 fatali
333 309 470 338 amore
501 296 651 338 nodum
673 295 881 349 tragicum
904 294 1043 343 nectit,
1063 294 1278 347 Euripides
1310 294 1405 344 stat,
1438 293 1489 335 ad
1518 306 1589 335 cu-

64 366 127 407 ius
170 365 320 407 cantici
358 363 523 416 singula
561 362 809 404 illustranda
850 361 1095 403 Trachiniae
1134 361 1243 402 haud
1280 374 1409 414 pauca
1446 374 1592 414 suppe-

64 432 212 474 ditant.
244 431 378 478 ,Nam
407 430 514 484 quod
547 430 743 471 Deianira
776 429 823 470 de
854 429 938 470 Iole
969 429 1070 470 dicit
1102 442 1137 470 v.
1171 429 1271 469 536:

261 509 392 564 κόρην
412 508 504 563 γάρ,
539 503 659 560 οἶμαι
691 507 726 548 δ’
761 506 909 558 οὐκέτ’,
943 501 1034 549 ἄλλ’
1070 504 1331 562 ἐζευγμένην,

264 575 624 630 παρεισδὲδεγμαι
656 574 743 616 κτλ.

61 657 104 699 id
133 657 373 710 explicatius
405 657 549 698 chorus
581 655 823 708 Euripideus
854 668 890 696 v.
923 656 1002 696 545
1028 668 1107 707 sq.:

262 730 339 775 τάν
369 732 448 787 μὲν
483 731 662 789 Οἰχαλίᾳ

261 801 413 842 πῶλον
439 793 582 854 ἄζυγα,
612 800 800 852 λέκτρων

261 862 470 923 ἄνανδρον
498 865 547 908 τὸ
579 867 682 923 πρὶν
717 866 786 908 καὶ
816 860 1027 922 ἄνιῑμφον,
1062 862 1193 907 οἴκων

263 934 430 991 ζεύξαό
463 929 538 977 ἄπ’
572 934 736 991 εἰρεσία
767 935 853 978 κτλ.

62 1017 101 1059 et
133 1017 202 1070 qui
231 1016 437 1065 dubitant,
481 1015 683 1069 quomodo
718 1012 884 1070 εἰρεσίᾳ
914 1014 1198 1067 accipiendum
1238 1014 1304 1066 sit,
1349 1025 1415 1055 eos
1450 1013 1592 1066 delego

62 1084 114 1126 ad
135 1083 326 1144 Herculis
357 1083 625 1124 πολύκωπον
657 1076 795 1137 ὄχημα
826 1081 924 1131 ναός
946 1082 1000 1134 (v.
1024 1083 1160 1133 656)¹.
1220 1081 1405 1134 Denique
1428 1080 1591 1134 dignus,

63 1151 134 1206 qui
165 1151 412 1204 adponatur‚
446 1151 559 1192 locus
593 1150 839 1204 Sophocleus
870 1150 936 1191 hic
967 1150 1027 1191 est
1059 1162 1094 1190 v.
1128 1150 1209 1190 856
1240 1161 1320 1201 sq:

259 1223 323 1269 Ἰώ
360 1225 533 1270 κελαινὰ
569 1224 698 1282 λόγχα
735 1224 968 1281 προμοίχου
1013 1224 1156 1281 δορός,

261 1290 291 1338 ἃ
321 1294 422 1338 τότε
454 1294 570 1338 θοὰν
599 1296 774 1350 νύμφαν

260 1357 412 1418 ἄγαγες
441 1364 515 1405 ἀπ’
548 1361 747 1413 αἰπεινᾶς
773 1364 778 1415 ᾗ
804 1359 918 1403 τάνδ’
945 1359 1150 1414 Οἰχαλίας
1179 1358 1324 1417 αἰχμᾷ.

259 1431 286 1472 ἆ
316 1431 352 1473 δ’
386 1426 640 1487 ἀμφίπολος
674 1431 852 1483 Κύπρις
881 1423 1066 1479 ἱέναι-(1ος
1097 1424 1263 1485 φανερὰ

259 1498 383 1540 τῶνδ’
423 1495 560 1555 ἐφάνη
591 1494 816 1551 πράκτωρ.

61 1578 171 1620 Nam
213 1578 322 1632 quod
353 1577 571 1631 Sophocles
616 1577 779 1618 funesta
820 1578 940 1618 hasta
988 1576 1110 1618 semel
1149 1576 1272 1628 atque
1312 1575 1460 1616 iterum
1496 1573 1593 1615 belli

63 1645 220 1688 cladem
249 1645 496 1696 subindicat,
535 1645 577 1686 in
609 1645 686 1686 hoc
716 1645 854 1686 noster
885 1657 964 1686 non
994 1643 1101 1685 cedit
1132 1656 1169 1684 v.
1204 1643 1298 1692 551,
1330 1641 1439 1695 apud
1471 1654 1591 1694 quem

62 1713 199 1755 Venus
229 1713 328 1755 item
360 1713 552 1754 ministra
583 1713 643 1753 est
674 1726 711 1754 v.
744 1714 836 1753 553.
870 1737 920 1741 —
958 1712 1114 1764 Quibus
1146 1710 1336 1752 omnibus
1363 1721 1455 1750 cum
1488 1708 1591 1749 satis

61 1779 227 1821 firmum
261 1780 578 1821 fundamentum
614 1781 770 1821 iactum
810 1780 867 1821 sit
902 1780 953 1821 ad
986 1778 1240 1832 probandam
1268 1789 1402 1818 meam
1436 1775 1594 1829 opinio-

62 1860 167 1898 nem,
198 1847 386 1900 Euripidi
410 1846 692 1888 Coroniferum
724 1847 919 1888 scribenti
943 1846 1154 1899 Sophoclis
1184 1845 1424 1886 memoriam
1455 1855 1594 1884 recen-

62 1915 146 1956 tem
178 1914 315 1964 fuisse,
356 1915 475 1967 plura
508 1915 549 1955 in
582 1915 760 1956 medium
789 1915 994 1967 proferam
1027 1913 1287 1963 documenta,
1320 1925 1424 1965 quae
1455 1924 1524 1964 per
1553 1924 1594 1952 se

61 1981 235 2023 fortasse
270 1981 439 2035 leviora,
483 1983 626 2024 mutuo
673 1995 714 2023 se
756 1982 912 2023 lumine
953 1981 1236 2022 illustrabunt.
1303 1980 1445 2032 Neque
1485 1977 1594 2019 enim

62 2061 296 2103 quenquam
337 2049 566 2090 etiamnum
597 2049 710 2091 casui
739 2049 997 2090 tributurum
1031 2060 1115 2089 6336
1147 2060 1275 2101 spero,
1307 2046 1415 2100 quod
1449 2046 1595 2086 chorus

61 2117 233 2169 uterque
262 2116 305 2157 in
339 2116 491 2169 parodo
523 2117 615 2169 post
641 2117 761 2158 breve
793 2116 1043 2169 prooemium
1077 2115 1232 2164 cantat,
1263 2127 1303 2156 36
1324 2113 1372 2155 de
1393 2112 1593 2154 luctuosis

63 2182 252 2224 dominae
283 2182 567 2225 affectionibus
601 2196 782 2224 rumores
815 2183 1014 2236 accepisse
1045 2181 1103 2236 (S.
1127 2183 1203 2223 103
1223 2195 1294 2235 sq,
1327 2181 1372 2222 E.
1398 2181 1475 2221 129
1495 2179 1595 2233 sq.);

64 2249 172 2303 quod
203 2250 349 2291 chorus
381 2250 642 2303 Sophoclem,
674 2250 742 2291 ubi
774 2250 821 2291 de
853 2250 984 2291 morte
1015 2249 1251 2290 voluntaria
1264 2247 1485 2290 Deianirae
1509 2259 1595 2287 cer-

63 2316 146 2358 tior
176 2316 310 2358 factus
342 2318 414 2367 est,
448 2318 590 2359 ventos
623 2330 824 2370 aurasque
856 2317 1019 2370 expetit,
1061 2328 1164 2369 quae
1194 2328 1216 2357 a
1246 2315 1358 2356 tristi
1389 2313 1595 2355 luctificae

62 2383 191 2425 cladis
222 2384 454 2436 spectaculo
486 2384 684 2426 aliorsum
711 2397 751 2425 se
785 2383 975 2425 auferant
1006 2396 1042 2424 v.
1074 2384 1154 2423 953
1185 2395 1258 2436 sq„
1291 2382 1438 2423 chorus
1455 2381 1593 2422 autem

62 2450 307 2503 Euripideus
339 2451 464 2492 simili
495 2452 596 2501 loco,
629 2452 845 2504 postquam
869 2450 1057 2492 Phaedra
1080 2450 1130 2491 ad
1157 2450 1328 2491 mortem
1352 2449 1429 2490 sibi
1446 2461 1594 2500 paran-

63 2517 158 2559 dam
196 2518 380 2568 decessit,
425 2531 542 2559 avem
573 2532 614 2560 36
645 2519 732 2560 fieri
769 2518 1031 2571 concupiscat
1069 2530 1197 2570 neque
1227 2517 1296 2558 1116
1328 2516 1409 2557 alio
1442 2515 1594 2565 animo,

63 2597 187 2638 quam
216 2586 262 2626 ut
291 2585 342 2626 ab
372 2584 556 2627 instante
586 2586 789 2627 malorum
821 2586 983 2626 theatro
1023 2585 1065 2625 in
1103 2583 1380 2626 remotissima
1412 2594 1596 2636 quaeque

200 2752 211 2771 ¹
239 2750 333 2785 Nolo
360 2750 507 2796 longius
534 2750 703 2784 insistere
730 2761 856 2784 eorum
883 2750 991 2795 nugis
1018 2749 1237 2792 refutandis,
1265 2749 1328 2793 qui
1356 2751 1517 2794 εἰρεσίαν
1542 2748 1595 2782 in-

65 2810 247 2855 tellegant
275 2810 320 2844 de
348 2810 447 2844 aeria
474 2809 723 2854 navigatione,
763 2812 895 2843 testem
923 2809 1127 2843 excitantes
1156 2808 1301 2844 Niciam
1335 2808 1458 2843 nescio
1487 2818 1597 2853 quem

64 2869 277 2906 Malleotem
302 2881 323 2905 a
349 2869 549 2905 Plutarcho
576 2868 710 2905 Parall.
740 2869 781 2903 13
809 2868 1010 2903 laudatum.
