1912 3310
1000 203 1066 236 108

269 317 430 370 poetam
482 317 714 358 Romanum
760 318 882 370 longe
921 317 1086 370 lateque
1125 317 1319 358 diffusum
1363 329 1470 358 nune
1511 316 1664 358 delibo:
1708 329 1797 357 eam

268 383 495 435 rationem,
543 397 623 437 qua
669 384 827 436 puellae
865 384 1022 437 perdite
1052 384 1239 425 amantes
1269 383 1310 424 in
1342 383 1565 424 solitudine
1595 383 1644 424 de
1674 382 1799 424 variis

272 450 453 491 consiliis
484 463 619 492 seeum
650 451 861 503 loquentes
894 451 934 492 et
964 450 1114 492 vividis
1145 450 1543 503 interrogationibus
1572 449 1800 490 interiectis

266 518 512 569 argumenta
551 530 645 558 eum
675 517 933 569 argumentis
964 517 1184 569 diligenter
1216 517 1503 570 comparantes
1533 516 1800 569 inducuntur,

266 584 313 624 nt
344 584 550 636 Euripidis
582 583 766 638 ῥημάτια
797 582 988 624 diadum&
1018 583 1160 625 statim
1203 583 1332 624 menti
1372 583 1603 624 occurrant.
1664 582 1801 624 Simili

267 650 422 691 scilicet
459 650 780 702 amplificatione
812 650 893 691 iam
926 650 1224 691 Alexandrinos
1267 651 1406 703 poetas
1447 650 1673 691 delectatos
1717 661 1801 691 esse

266 715 431 757 Medeae
475 717 655 757 amantis
698 716 930 769 descriptio,
984 730 1107 770 quam
1154 717 1400 770 Apollonius
1446 716 1632 757 Rhodius
1676 716 1800 757 tertio

267 783 646 835 Argonauticorum
690 783 795 824 libro
846 783 1105 837 interposuit,
1155 784 1318 824 evincit.
1401 784 1508 825 Nam
1555 783 1801 836 Apollonius

266 850 308 890 in
354 849 452 902 ipsis
496 850 624 891 animi
663 862 800 891 amore
835 850 1053 903 flagrantis
1092 851 1309 892 affectibus
1360 850 1628 903 depingendis
1670 850 1802 891 liben-

267 918 328 957 ter
373 917 413 957 et
458 929 528 969 pro
580 917 691 969 epieo
743 917 838 958 stilo
886 917 1119 970 immitique
1166 930 1213 958 ae
1260 917 1384 958 feroci
1433 917 1561 969 ipsius
1608 916 1801 958 heroinae

268 984 418 1025 natura
458 983 625 1024 liberius
661 984 875 1037 evagatur,
926 984 971 1024 ut
1011 984 1052 1024 in
1098 984 1176 1025 hac
1214 997 1256 1025 re
1297 984 1447 1034 studia,
1494 984 1643 1037 quibus
1689 983 1802 1024 aetas

266 1050 339 1091 illa
371 1051 683 1103 obsequebatur,
717 1051 955 1103 appareant.
999 1075 1044 1079 —
1086 1051 1229 1093 Medea
1267 1051 1410 1103 igitur,
1455 1051 1520 1093 eui
1561 1051 1698 1092 omnia
1737 1062 1804 1091 so-

266 1117 345 1158 lita
382 1117 580 1169 serpentis
616 1118 738 1171 ignis,
785 1118 854 1171 qui
897 1118 1064 1170 puerulo
1107 1118 1170 1158 illi
1211 1118 1373 1160 versuto
1412 1118 1644 1171 triumphos
1689 1129 1801 1158 com-

268 1184 399 1236 parat,
447 1184 566 1237 signa
597 1185 751 1226 suffusa.
783 1186 880 1226 sunt
911 1184 978 1238 (cf.
1013 1199 1049 1226 v.
1088 1186 1168 1226 284
1198 1198 1256 1238 sq.
1294 1187 1374 1227 452
1406 1184 1496 1239 sq),
1547 1186 1634 1227 sola
1665 1197 1800 1226 secum

269 1250 473 1292 collocuta
532 1251 731 1302 haesitat,
799 1254 938 1293 utrum
993 1254 1131 1295 amato
1191 1252 1341 1305 hospiti
1398 1252 1537 1293 faveat
1591 1264 1714 1293 necne
1764 1265 1802 1294 v.

268 1318 349 1358 464
373 1319 476 1371 sq.¹;
509 1319 717 1360 cruciatur
748 1320 929 1373 somniis,
959 1320 1002 1361 in
1034 1321 1181 1374 quibus
1214 1321 1399 1361 Iasonem
1430 1320 1541 1361 videt
1571 1333 1608 1361 v.
1627 1321 1707 1361 616
1729 1332 1801 1373 sq.,

268 1386 500 1437 experrecta
547 1385 678 1427 denuo
720 1387 853 1428 multa
889 1399 1026 1428 secum
1057 1387 1144 1440 ipsa
1174 1387 1312 1430 locuta
1346 1400 1450 1428 nova
1480 1387 1651 1428 consilia
1683 1400 1803 1440 repu-

268 1453 333 1493 tat
365 1465 400 1493 v.
433 1453 509 1493 641
545 1454 643 1506 sq.2.
703 1453 889 1506 Denique
935 1455 1065 1496 altera
1110 1455 1227 1496 noete
1274 1456 1386 1495 metu
1432 1454 1630 1508 perculsa,
1673 1454 1802 1495 amati

270 1519 431 1560 iuvenis
462 1521 641 1562 maxima
672 1522 853 1573 pericula
891 1522 1067 1563 subituri
1110 1522 1392 1564 recordatione
1423 1534 1580 1575 semper
1611 1522 1803 1563 revocata

271 1587 401 1627 somni
435 1599 573 1640 expers
603 1589 734 1629 multa
769 1601 904 1630 secum
937 1589 1067 1630 volvit
1099 1591 1221 1643 atque
1254 1590 1398 1640 multa,
1447 1601 1549 1642 quae
1580 1588 1700 1629 modo
1731 1601 1804 1640 ap-

269 1654 473 1708 probavit,
524 1668 615 1696 mox
661 1656 878 1708 repudians
923 1656 1065 1710 itaque
1110 1657 1217 1697 inter
1254 1657 1369 1699 varia
1400 1655 1570 1698 consilia
1600 1654 1805 1695 fluctuans

270 1734 307 1763 v.
340 1722 418 1762 741
451 1735 508 1774 sq.
558 1725 809 1774 postremum
852 1723 990 1765 vivido
1029 1736 1211 1765 sermone
1248 1724 1409 1765 interno
1447 1722 1597 1764 crebris
1629 1722 1805 1763 interro-

269 1789 506 1842 gationibus
554 1790 781 1843 intercepto
834 1791 997 1844 singula
1043 1791 1291 1843 argumenta
1349 1789 1537 1842 expendit
1584 1801 1804 1841 eorumque

269 1855 448 1908 pondera
479 1856 659 1897 aurificis
691 1858 845 1899 statera
877 1858 1096 1908 examinat,
1140 1857 1267 1899 donee
1298 1858 1376 1898 hue
1408 1856 1607 1909 erumpit:
1643 1854 1803 1908 ἐρρέτω

269 1919 414 1972 αἰδώς,
440 1922 597 1979 ἐρρέτω
621 1918 775 1979 ἀγλαΐη
798 1938 834 1966 v.
854 1926 932 1967 785
951 1938 1008 1978 sq.
1054 1924 1131 1966 Sed
1163 1925 1273 1966 anxii
1305 1925 1432 1967 animi
1465 1923 1672 1966 cruciatus
1703 1935 1805 1964 non-

269 2054 542 2088 Alexandrinos
569 2056 605 2088 et
633 2054 909 2088 Alexandrinos
935 2065 1111 2098 magnum
1139 2053 1262 2087 neseio
1303 2052 1404 2097 quid,
1439 2052 1551 2086 immo
1585 2052 1806 2086 immensum

270 2114 446 2147 interesse
485 2125 545 2147 eos
578 2125 795 2157 persuasum
830 2113 947 2146 habeo
975 2113 1203 2146 iudicaturos
1232 2123 1318 2150 esse,
1360 2111 1424 2155 qui
1457 2111 1552 2145 hanc
1579 2114 1725 2155 partem
1751 2111 1805 2145 hi-

272 2173 409 2206 storiae
437 2173 643 2206 litterariae
671 2172 891 2212 accuratius,
922 2184 1032 2215 quam
1059 2172 1179 2206 adhue
1205 2171 1343 2206 facturn
1371 2173 1436 2214 est,
1465 2170 1772 2204 examinaverint.

406 2232 416 2251 ¹
445 2231 632 2265 Nonnulla
664 2232 733 2265 hoc
769 2232 848 2265 loco
884 2243 964 2265 cum
998 2231 1179 2265 ovidiana
1212 2230 1386 2274 Myrrhae
1421 2229 1548 2263 fabula
1587 2240 1807 2273 componere

268 2290 366 2324 lieet.
418 2290 548 2324 Medea
574 2290 671 2324 enim
699 2290 744 2324 ad
771 2302 935 2324 sororem
963 2290 1185 2324 contendere
1213 2289 1389 2330 decrevit,
1418 2288 1481 2322 sed
1510 2288 1547 2321 in
1574 2288 1652 2332 ipso
1680 2288 1807 2321 limine

269 2349 411 2382 ineerta
448 2349 585 2392 pendet
624 2361 656 2382 v.
697 2350 764 2382 645
803 2360 874 2392 sq.,
920 2360 1002 2383 0010
1042 2345 1154 2385 αἰδώς
1191 2351 1227 2382 et
1262 2345 1389 2392 γλυκὺς
1423 2350 1550 2392 ἵμερος
1589 2358 1622 2379 v.
1657 2346 1725 2380 653
1769 2357 1807 2380 se

269 2410 397 2441 mutuo
426 2408 662 2454 impugnent3
703 2408 859 2442 similem
887 2419 1055 2442 scaenam
1083 2407 1237 2441 Ovidius
1265 2406 1443 2441 describit
1468 2405 1556 2439 Met>
1584 2405 1628 2449 X,
1656 2406 1724 2439 456
1751 2416 1804 2449 sq.

270 2466 333 2510 (cf.
353 2467 424 2500 Cir.
444 2467 539 2510 214).
585 2467 697 2502 Serva
725 2467 842 2502 claros
870 2467 1021 2501 Medeae
1047 2467 1206 2511 gemitus
1237 2478 1280 2500 ex
1306 2466 1452 2500 interno
1471 2465 1639 2499 eubiculo
1659 2464 1806 2499 crebros

269 2526 494 2569 prodeuntes
524 2526 630 2560 audit
656 2538 687 2560 v.
716 2527 785 2560 664
811 2538 875 2571 sq.,
913 2529 954 2560 ut
980 2526 1154 2569 Myrrhae
1191 2525 1319 2559 nutrix
1348 2537 1381 2559 v.
1410 2525 1478 2558 382
1504 2535 1557 2567 sq.
1599 2542 1641 2548 --
1682 2522 1807 2558 Ovidii

271 2596 397 2618 rursus
424 2584 690 2629 Euripidisque
717 2597 858 2620 memor
885 2585 1053 2626 observa,
1096 2584 1279 2628 quomodo
1317 2583 1355 2617 in
1382 2582 1565 2626 colloquio
1592 2593 1674 2616 cum
1703 2581 1807 2615 Chal-

274 2643 377 2687 ciope
404 2655 436 2677 V.
465 2646 533 2677 674
559 2656 611 2688 sq.
662 2644 805 2688 Medea,
838 2656 948 2688 quam
974 2644 1095 2688 pudor
1122 2643 1290 2687 impedit,
1328 2642 1524 2686 quominus
1550 2641 1588 2674 in
1615 2640 1806 2675 audaciam

272 2706 493 2746 prorumpat
531 2707 567 2737 et
602 2704 820 2747 praecordia
859 2704 944 2749 igne
981 2714 1139 2737 vaesano
1179 2702 1362 2746 completa
1401 2700 1545 2745 aperiat
1584 2712 1617 2734 v.
1646 2700 1710 2734 681
1741 2710 1806 2742 sq.,

273 2761 387 2794 vafris
413 2762 536 2795 verbis
561 2774 725 2796 sororem
752 2774 794 2796 eo
822 2763 961 2807 adigat,
1000 2766 1053 2805 ut,
1095 2762 1193 2805 quod
1227 2761 1306 2805 ipsa
1330 2763 1453 2795 mente
1479 2759 1609 2804 agitat,
1652 2758 1716 2792 illa
1744 2769 1804 2792 ex-

273 2822 432 2864 promat,
450 2820 643 2855 eonsilium
659 2833 789 2866 nempe
804 2822 967 2866 hospites
983 2820 1184 2855 adiuvandi
1200 2832 1233 2854 v.
1249 2819 1319 2854 693
1334 2831 1386 2863 sq.
1403 2818 1463 2863 (cf.
1481 2830 1592 2863 supra
1606 2830 1641 2862 p.
1658 2818 1713 2852 34.
1729 2816 1804 2861 72).

408 2880 421 2899 2
453 2879 505 2913 Cf.
533 2891 565 2914 v.
592 2881 677 2914 471:
705 2877 829 2923 ἐόλητο
855 2877 942 2915 νόον
966 2876 1229 2926 μελεδήμασιν.
1688 2888 1690 2891 ’
