1912 3310
1051 192 1097 226 26

309 306 388 359 frg.
411 307 504 354 449,
539 306 646 359 quod
669 306 835 348 chorum
860 306 1039 348 ostendit
1061 307 1222 348 heroem
1246 306 1503 347 fortunatum
1526 305 1831 358 praedicantem

310 375 475 426 propter
512 373 673 414 divinos
718 373 902 423 honores,
952 386 1051 426 quos
1083 373 1218 414 Diana
1259 373 1294 414 ei
1325 373 1530 426 augurata
1563 372 1629 421 sit,
1674 384 1767 412 cum
1798 384 1834 413 v.

313 441 419 481 1423
450 452 526 494 sq.;
573 440 615 480 in
645 440 792 493 quibus
834 441 1005 481 honores
1047 440 1211 493 quidem
1251 439 1412 480 abunde
1449 440 1835 487 commemorantur,

309 507 376 548 sed
406 507 518 548 chori
548 507 865 559 praedicationis
897 519 969 547 nec
1000 507 1093 547 vola
1126 519 1198 547 nec
1230 506 1452 559 vestigium
1484 507 1664 559 apparet.
1703 506 1835 559 Frag-

310 575 448 616 mento
469 575 550 614 445
583 575 718 615 autem
753 573 971 614 manifesto
1003 586 1022 614 e
1050 574 1184 614 nuntii
1206 573 1442 614 narratione
1464 574 1649 625 excerpto
1668 573 1837 614 minime

309 642 500 683 accurate
532 641 749 694 rospondet
780 653 815 681 v.
850 641 977 688 118&
1009 653 1159 681 novum
1192 640 1364 693 denique
1386 640 1685 692 discrepantiae
1706 652 1835 681 exem-

308 709 421 762 plum
453 708 532 750 Leo
564 708 608 756 (l.
642 708 669 747 l.
697 721 734 760 p.
760 709 836 749 180
868 720 927 760 sq.
959 708 1008 749 cf.
1031 720 1066 760 p.
1103 709 1197 757 182)
1228 707 1372 748 attulit
1403 707 1480 759 frg.
1514 707 1594 747 389
1627 706 1730 747 falso
1762 706 1837 747 ad-

309 776 388 816 huc
418 774 628 828 Euripidis
661 775 813 816 Theseo
846 774 1129 816 adiudicatum
1165 775 1337 815 ultimae
1368 774 1506 815 Velati
1536 786 1717 826 scaenae,
1755 785 1836 825 qua

308 843 557 896 Hippolytus
589 843 858 884 moribundus
896 843 1138 896 comparuit,
1180 843 1405 884 vindicans.
1467 842 1663 884 Senecam
1695 841 1836 883 autem

308 910 536 951 videbimus
566 910 608 950 in
638 910 688 950 iis
716 910 872 951 scaenis
904 910 1175 958 illustrandis,
1205 923 1378 963 quarum
1406 911 1694 963 argumentum
1718 908 1836 961 poeta

309 978 416 1019 certe
447 990 527 1018 non
567 978 760 1031 mutavit,
797 990 1005 1030 nunquam
1045 976 1278 1029 posterioris
1325 976 1515 1017 editionis
1548 976 1682 1025 verba,
1726 974 1836 1015 haud

308 1058 400 1087 raro
421 1057 559 1086 sensus
579 1045 812 1097 exprimere,
836 1046 881 1085 ut
903 1045 945 1085 in
960 1044 1145 1084 Romana
1163 1042 1377 1096 tragoedia
1399 1042 1670 1084 examinanda
1688 1041 1836 1083 merito

310 1112 535 1154 Coroniferi
567 1111 687 1153 fidem
720 1112 900 1160 testeris;
948 1123 1185 1163 quanquam
1228 1109 1469 1162 simpliciter
1514 1109 1655 1161 negari
1696 1108 1838 1161 nequit

309 1180 485 1221 Senecae
533 1180 738 1221 servatam
771 1179 979 1231 Euripidis
1012 1177 1195 1218 fabulam
1244 1177 1294 1217 ad
1333 1188 1477 1218 manus
1520 1175 1655 1216 fuisse.
1687 1198 1738 1203 ——-
1770 1175 1836 1215 Ad

308 1260 511 1289 summam
543 1246 697 1288 sufficit
729 1247 826 1288 haec
857 1246 898 1286 in
931 1245 1171 1286 memoriam
1202 1256 1424 1296 revocasse,
1456 1243 1498 1284 in
1529 1242 1704 1296 singulis
1735 1255 1838 1284 non-

308 1314 422 1355 nulla
454 1314 613 1355 monitu
644 1314 770 1367 digna
805 1313 945 1355 habeo.

440 1381 638 1422 Scaeuam
670 1381 712 1421 in
745 1381 891 1422 Velato
938 1392 1017 1421 non
1062 1380 1109 1420 ut
1153 1379 1195 1419 in
1236 1377 1472 1420 Coronifero
1507 1378 1719 1430 Troezene,
1765 1376 1834 1418 sed

307 1448 482 1489 Athenis
520 1448 643 1489 fuisse
688 1447 870 1489 indicare
917 1447 1079 1488 videtur
1124 1459 1216 1488 cum
1258 1446 1432 1487 Senecae
1483 1445 1698 1499 tragoedia
1746 1445 1836 1485 tum

307 1514 493 1565 Ovidius,
537 1515 607 1568 qui
639 1515 795 1556 duobus
826 1515 932 1556 certe
963 1514 1063 1555 locis
1097 1514 1213 1563 (Met.
1242 1513 1335 1562 XV,
1368 1513 1461 1554 506.
1490 1513 1601 1554 Fast.
1633 1512 1705 1565 VI,
1739 1512 1836 1563 739)

307 1582 581 1636 Hippolytum
609 1582 782 1635 profugo
815 1595 937 1622 curru
956 1582 1160 1623 Troezena
1192 1582 1395 1634 petentem
1427 1580 1562 1633 fingit.
1621 1579 1764 1632 Neque
1794 1578 1837 1619 in

307 1650 495 1703 epistula,
529 1662 652 1703 quam
671 1649 858 1691 Phaedra
883 1650 1084 1690 Troezene
1115 1649 1340 1690 immorans
1370 1648 1545 1689 scribere
1575 1646 1737 1688 videtur
1767 1646 1837 1696 (cf.

306 1731 342 1758 v.
379 1718 468 1770 107,
499 1718 590 1758 Birt
626 1717 652 1759 l.
687 1717 712 1758 l.
745 1730 782 1769 p.
816 1718 928 1767 403),
975 1716 1127 1757 indicia
1170 1716 1306 1757 deesse
1350 1715 1431 1757 alio
1465 1716 1553 1756 loco
1594 1714 1834 1763 videbimus,

307 1797 410 1838 quae
449 1785 500 1826 ad
537 1785 720 1826 Athenas
759 1797 830 1825 nos
878 1784 1063 1825 reiciant.
1122 1783 1214 1824 Illic
1255 1784 1395 1824 autem
1426 1781 1560 1824 Diana
1592 1773 1838 1834 ἐν’Ἀγραις

305 1852 486 1893 maxima
531 1851 728 1905 religione
772 1851 995 1905 colebatur,
1042 1852 1087 1892 ut
1134 1852 1277 1892 notum
1321 1852 1399 1898 est;
1442 1850 1585 1891 contra
1629 1849 1672 1890 in
1712 1848 1837 1890 Coro-

307 1919 436 1960 nifero
490 1919 624 1959 Diana
667 1916 874 1971 Argivi-da,
930 1918 1004 1959 dea
1060 1918 1246 1971 pluribus
1299 1917 1514 1969 praecipue
1566 1916 1837 1969 Peloponnesi

306 1986 406 2027 locis
452 1985 604 2035 culta1,
647 1987 992 2027 commemoratur
1023 1986 1089 2035 (cf.
1115 1999 1150 2028 v.
1184 1986 1287 2033 22&
1328 1985 1466 2037 1131).
1507 1984 1564 2024 De
1594 1983 1667 2024 illa
1695 1983 1837 2024 Philo-

307 2053 453 2093 chorus
497 2052 660 2093 locutus
703 2054 790 2093 erat
839 2053 992 2105 (Schol.
1038 2053 1137 2094 Eur.
1176 2052 1272 2104 Hip.
1315 2052 1391 2092 73:
1443 2050 1464 2091 ὃ
1510 2049 1556 2092 δὲ
1597 2045 1837 2102 Φιλόχορος

306 2116 383 2175 τὴν
432 2118 475 2160 ἐν
514 2111 697 2173 3Ἀγραις
738 2121 944 2173 Ἄρτεμιν
989 2145 1038 2149 —-
1097 2118 1343 2174 στέφεσθαί
1395 2133 1501 2174 φησι
1556 2117 1677 2170 κτλ.),
1728 2117 1837 2170 quod

306 2186 589 2229 testimonium
621 2188 868 2230 scholiastae
900 2188 944 2239 (l.
974 2189 1020 2237 l.)
1056 2189 1192 2241 inepte
1233 2188 1415 2229 referunt
1453 2187 1503 2229 ad
1539 2185 1834 2228 Coroniferum.

309 2254 415 2307 Quid
445 2253 478 2294 si
510 2254 728 2295 historicus
760 2268 803 2296 ex
834 2256 964 2297 altera
994 2256 1134 2297 fabula
1167 2255 1364 2296 nonnulla
1396 2254 1597 2296 attulerat
1635 2252 1686 2294 ad
1718 2265 1838 2294 vene-

307 2321 507 2363 rationem
528 2322 686 2364 Dianae
711 2321 754 2364 ἐν
768 2316 949 2376 ’Ἀγραις
970 2323 1245 2376 pertinentia?
1288 2321 1534 2375 Quanquam
1557 2333 1636 2362 non
1657 2320 1836 2361 multum

306 2388 516 2429 lucramur
533 2389 609 2430 hac
630 2390 887 2439 coniectura3
920 2404 1016 2432 nam
1047 2390 1113 2431 vix
1145 2390 1221 2431 tibi
1255 2389 1468 2441 continget
1499 2401 1544 2429 ex
1573 2388 1692 2429 tanta
1725 2399 1836 2428 com-

307 2456 538 2496 mentorum
556 2456 765 2510 farragine
783 2457 992 2510 expiscari,
1012 2456 1108 2510 quid
1129 2456 1376 2506 Philochori,
1401 2455 1498 2509 quid
1520 2455 1835 2496 scholiastarum

307 2522 373 2563 sit.
397 2545 447 2550 —
472 2523 639 2564 Titulus
671 2525 809 2565 autem
841 2520 1174 2579 στεφανηφόρος
1203 2523 1375 2576 spondet
1406 2535 1579 2564 coronae
1610 2521 1836 2562 dedicatio-

308 2601 398 2629 nem
431 2602 510 2630 non
540 2590 639 2630 item
670 2591 711 2631 in
737 2591 880 2632 Velato
907 2591 1041 2632 locum
1076 2591 1284 2642 habuisse,
1316 2590 1524 2642 praeterea
1547 2589 1698 2629 mirum
1720 2588 1837 2634 esset,

307 2657 580 2709 sarcophagos
631 2670 841 2711 nunquam
892 2659 978 2699 tam
1030 2659 1207 2711 simplici
1258 2656 1556 2699 sacrificatione
1601 2668 1694 2697 usos
1739 2667 1835 2695 esse.

444 2802 453 2821 ¹
482 2801 534 2835 Cf.
561 2802 667 2837 Paus.
694 2803 740 2845 II,
769 2805 800 2838 7.
828 2804 859 2839 6.
887 2803 953 2850 ΙΙΙ,
981 2804 1036 2837 23.
1058 2804 1111 2839 10.
1131 2803 1193 2846 IV,
1218 2804 1250 2837 4.
1277 2803 1317 2848 23
1343 2804 1399 2836 31.
1427 2803 1458 2838 3.
1485 2801 1563 2843 VII,
1589 2801 1645 2836 20.
1674 2801 1707 2834 7.
1737 2798 1836 2844 VIII,

309 2861 364 2897 53.
395 2862 447 2897 11.
1686 2876 1688 2878 v
