1912 3310
1051 209 1097 243 62

311 326 420 376 (Seu.
439 338 476 366 v.
496 324 594 378 609)
627 325 666 366 et
697 324 920 366 artificiose
950 323 1278 377 praetervehitur
1309 322 1523 375 sanguinis
1555 322 1750 365 offensam
1781 323 1844 365 fa·-

312 393 467 434 mulam
497 405 538 434 se
571 392 708 433 vocari
739 391 862 432 malle
889 390 1025 432 effata.
1067 389 1270 431 Ovidiana
1295 389 1431 442 puella
1452 389 1586 430 mittit
1608 389 1840 442 epistulam,

310 460 516 513 repulsam
546 459 644 506 fert;
675 458 758 499 iam
789 458 877 510 ipsa
908 459 1093 498 amatum
1125 457 1296 497 fratrem
1328 455 1440 496 adire
1471 456 1655 509 conatur,
1687 469 1783 497 nam
1801 468 1843 497 se

312 540 391 568 non
438 539 552 580 posse
595 525 696 566 nihil
744 524 994 566 commisisse
1043 523 1263 564 nefandum
1316 534 1445 576 neque
1489 522 1697 564 innoxiam
1742 522 1842 574 dici,

310 594 553 635 temeratam
585 604 669 633 esse
700 591 957 632 voluntatem
992 591 1047 642 (v.
1081 591 1161 631 626
1185 603 1256 643 sq„
1289 589 1339 630 cf.
1372 602 1408 630 V.
1443 589 1522 630 618
1545 588 1640 642 sq.).
1685 588 1842 630 Similis

312 659 512 714 cogitatio
543 670 759 700 novercam
791 657 916 709 subit,
956 657 1025 697 ubi
1057 658 1148 709 post
1179 657 1350 697 nutricis
1382 656 1586 708 repulsam
1619 656 1659 696 in
1693 668 1737 697 eo
1769 656 1841 705 est,

311 728 357 767 ut
401 727 488 779 ipsa
534 725 665 766 filium
710 723 860 765 blando
908 723 1088 776 alloquio
1139 725 1409 776 prosequatur
1454 722 1545 764 Sen.
1584 736 1620 765 v,
1653 723 1734 763 594
1762 735 1842 775 sq.:

307 789 318 804 ‘
333 806 484 846 magna
506 805 600 845 pars
621 791 781 833 sceleris
802 791 882 831 mei
904 790 1011 832 Olim
1036 792 1201 843 peracta
1225 792 1306 838 est;
1344 803 1455 831 serus
1477 791 1536 830 est
1558 790 1674 831 nobis
1695 789 1845 843 pudor:

312 860 557 902 Amavimus
578 852 786 900 nefanda'.
821 857 1001 899 Eandem
1025 857 1170 899 deinde
1191 857 1503 898 fluctuationem
1527 857 1622 897 ante
1643 856 1841 897 incestum

313 927 668 978 committendum,
714 938 837 978 quam
871 924 1022 966 Seneca
1054 925 1266 965 Phaedrae
1310 937 1346 965 v.
1380 925 1474 973 637,
1521 922 1693 964 Ovidius
1725 922 1845 964 Mile-

312 996 395 1037 siae
440 995 599 1048 puellae
647 993 812 1046 affingit
854 1005 889 1033 v.
925 993 1018 1033 6:31.
1093 992 1233 1045 Byblis
1270 993 1406 1032 autem
1448 1003 1489 1031 se
1533 990 1624 1042 ipsa
1663 990 1844 1039 accusat,

313 1063 420 1116 quod
454 1075 532 1103 non
563 1062 673 1102 recta
705 1060 772 1101 via
803 1059 854 1100 ad
887 1059 1057 1100 fratrem
1096 1059 1364 1108 contenderit,
1408 1059 1476 1099 sed
1518 1057 1718 1111 epistulae
1748 1057 1845 1098 vota

314 1130 551 1180 crediderit3
600 1127 696 1181 quia
728 1127 846 1180 plura
879 1126 990 1179 loqui
1025 1127 1235 1179 potuisset,
1286 1138 1410 1179 quam
1441 1138 1545 1178 quae
1575 1125 1752 1166 tabellae
1780 1136 1844 1165 ce-

313 1198 478 1250 pissent.
539 1195 667 1236 Addit
697 1207 734 1235 v.
767 1194 847 1234 605
880 1206 957 1246 sq.:

577 1263 708 1303 invito
740 1261 855 1314 potui
886 1259 1141 1301 circumdare
1171 1258 1365 1300 bracchia
1397 1259 1502 1300 collo

582 1330 634 1379 et,
665 1329 699 1370 si
729 1329 912 1377 reicerer‚
945 1327 1060 1380 potui
1093 1326 1294 1367 moritura
1327 1326 1456 1367 videri

578 1395 853 1448 amplectique
885 1394 1002 1447 pedes
1033 1393 1260 1446 adfusaque
1290 1405 1453 1445 poscere
1483 1393 1628 1434 vitam.

315 1464 428 1516 Quae
465 1463 626 1504 Milesia
670 1462 805 1515 puella
846 1461 1193 1511 comminiscitur,
1246 1460 1389 1501 iisdem
1439 1460 1600 1501 blandis
1644 1459 1845 1501 illecebris

316 1530 458 1572 Cressa
488 1530 636 1571 mulier
667 1529 858 1582 fungitur
890 1529 932 1569 in
959 1541 1004 1569 ea
1027 1528 1237 1569 Romanae
1266 1527 1505 1580 tragoediae
1534 1539 1692 1577 scaena,
1721 1539 1843 1579 quam

316 1611 411 1652 prae
442 1598 585 1639 ceteris
609 1596 763 1638 Graeco
786 1597 905 1649 poeta
928 1596 1097 1648 dignam
1120 1595 1227 1636 duxi.
1277 1595 1386 1635 Nam
1423 1594 1572 1635 excidit
1601 1594 1677 1636 sibi
1709 1607 1746 1635 v.
1765 1594 1846 1634 590

315 1667 354 1707 et
385 1665 494 1706 color
526 1665 648 1706 morti
682 1664 827 1704 similis
858 1676 927 1704 ora
960 1662 1129 1704 obducit
1161 1675 1196 1703 v.
1228 1663 1321 1715 586,
1358 1661 1538 1714 privigni
1569 1661 1742 1715 genibus
1773 1660 1847 1701 ad-

316 1732 497 1774 volvitur
544 1745 579 1773 v.
613 1731 704 1772 667.
746 1731 838 1781 703,
887 1730 984 1771 adeo
1024 1729 1224 1771 bracchiis
1262 1741 1353 1770 eum
1395 1728 1660 1781 amplectitur
1706 1741 1740 1769 v.
1765 1727 1844 1768 705

316 1799 382 1851 (cf.
406 1812 529 1852 supra
560 1812 596 1851 p.
615 1797 700 1852 35).
761 1798 920 1838 Adfusa
952 1798 1089 1838 autem
1122 1809 1202 1837 non
1235 1797 1378 1845 vitam,
1413 1795 1483 1837 sed
1519 1796 1692 1836 mortem
1715 1794 1846 1847 poscit

315 1879 352 1907 v.
387 1866 466 1906 710
497 1878 569 1919 sq.7
609 1866 757 1918 quippe
788 1864 851 1905 cui
890 1864 1021 1905 omnis
1052 1876 1139 1916 spes
1162 1863 1315 1904 frustra
1351 1863 1416 1903 sit.
1458 1863 1700 1916 perinsigne
1721 1861 1847 1903 etiam

313 1933 368 1979 id,
406 1933 514 1986 quod
546 1933 690 1986 Byblis
721 1932 823 1973 dicit
854 1945 891 1973 v.
925 1933 1003 1972 511
1036 1944 1116 1984 sq.:

515 2000 548 2041 si
581 2002 721 2041 tamen
753 2000 837 2052 ipse
868 2012 956 2040 meo
988 2001 1131 2051 captus
1166 1998 1276 2051 prior
1309 1998 1414 2039 esset
1441 2010 1592 2048 amore,

515 2067 690 2108 forsitan
720 2067 831 2107 illius
866 2079 1023 2120 possem
1055 2065 1270 2117 indulgere
1302 2064 1442 2106 furori.

319 2134 425 2176 Nam
459 2147 538 2188 quo
571 2136 652 2177 alio
686 2148 805 2176 sensu
836 2134 1024 2176 Phaedra
1056 2134 1095 2174 et
1132 2133 1271 2173 nutrix
1306 2132 1649 2173 fascinationibus
1683 2144 1847 2184 operam

319 2203 487 2254 navant,
519 2202 596 2243 nisi
630 2203 675 2242 ut
705 2203 867 2243 amatus
899 2202 1058 2242 iuvenis
1088 2201 1198 2253 prior
1229 2200 1446 2252 capiatur?
1505 2200 1645 2251 Atque
1676 2198 1775 2240 adeo
1806 2198 1848 2238 in

319 2268 555 2310 Coronisero
601 2270 777 2311 similem
814 2269 987 2310 vetitam
1029 2281 1138 2321 spem
1178 2267 1408 2308 Phaedram
1455 2267 1598 2307 furtim
1640 2265 1850 2318 concipere.

321 2336 478 2376 ostendi
500 2335 553 2389 (p.
571 2338 624 2377 20
640 2338 731 2390 sq.).
779 2336 967 2378 Ceterum
990 2336 1032 2376 in
1055 2348 1199 2388 pugna
1217 2335 1360 2375 contra
1383 2346 1562 2375 amorem
1585 2332 1850 2374 describenda

319 2403 359 2443 et
391 2402 562 2444 Ovidius
596 2404 635 2444 et
669 2403 882 2457 Euripides
913 2403 1034 2444 multi
1068 2403 1176 2443 sunt.
1240 2402 1290 2442 Et
1322 2401 1467 2455 Byblis
1497 2400 1537 2441 111
1571 2399 1850 2441 inconstantia

320 2468 520 2512 desideria
550 2471 772 2523 abripitur:
820 2469 921 2523 ‘quo
959 2463 1085 2511 feror'
1117 2482 1154 2510 v.
1186 2469 1267 2510 510
1300 2464 1404 2521 ‘quo
1443 2467 1573 2509 labor‘
1614 2480 1651 2509 v.
1684 2467 1777 2520 521,
1809 2467 1848 2507 et

320 2534 520 2590 Phaedra,
552 2538 802 2580 moderatior
831 2537 904 2579 illa
937 2537 1099 2590 quidem
1123 2536 1192 2589 (cf.
1215 2536 1307 2578 Sen.
1335 2536 1412 2576 112
1433 2547 1507 2588 sq„
1539 2535 1635 2576 Eur.
1659 2534 1739 2575 239
1758 2534 1846 2587 sq.).

452 2604 545 2657 Ipsa
577 2606 715 2647 autem
747 2605 943 2659 Byblidos
973 2605 1149 2658 epistula
1180 2604 1364 2657 apertam
1401 2600 1716 2643 similitudinem
1752 2612 1866 2653 prae,

321 2683 363 2711 se
393 2670 471 2712 fert
501 2683 593 2712 cum
626 2674 776 2725 quarta
797 2673 973 2725 epistula
995 2671 1187 2713 Heroide.
1238 2671 1467 2723 Utramque
1487 2668 1698 2710 heroinam
1719 2667 1850 2720 pudor

320 2737 505 2790 impedit,
539 2740 756 2791 quominus
780 2739 984 2792 colloquio
1007 2739 1229 2788 fateantur,
1262 2737 1360 2790 quid
1385 2738 1488 2778 votis
1514 2736 1722 2788 expetant3
1755 2747 1848 2776 con—

322 2804 490 2857 fugiunt
521 2805 572 2847 ad
607 2806 768 2848 litteras
791 2806 901 2858 (Met.
919 2807 999 2847 515
1017 2819 1088 2859 sq„
1120 2806 1217 2847 Her.
1235 2805 1260 2846 9
1278 2805 1366 2857 sq.).
1399 2803 1477 2845 Sed
1506 2803 1637 2856 primo
1658 2802 1852 2843 dubitant

322 2871 497 2913 scribere
529 2873 601 2923 (M.
633 2874 727 2924 523,
758 2874 810 2930 Η.
846 2873 940 2927 13);
969 2873 1022 2915 ab
1053 2873 1190 2914 eadem
1224 2871 1427 2913 sententia
1457 2870 1600 2912 deinde
1631 2869 1849 2911 ordiuntur
