1912 3310
852 194 893 226 41

112 303 160 344 ut
187 315 312 356 supra
343 302 460 344 evici.
505 303 713 345 Narrandi
744 316 1003 357 progressum
1037 306 1131 348 inde
1168 308 1218 349 ab
1252 309 1363 362 equis
1392 309 1488 362 iugo
1520 310 1627 351 subi·

110 369 267 424 gendis,
296 369 340 410 in
372 382 452 422 qua
486 382 528 411 re
560 369 733 412 Senecae
765 371 886 412 verba
910 384 946 412 V.
967 373 1072 413 1002
1103 386 1162 426 sq.
1194 375 1325 427 magis
1354 375 1487 417 velati
1516 377 1628 430 frag-

50 427 51 431 *
111 437 249 478 mento
269 437 351 477 445
372 448 497 489 quam
521 436 747 478 Coroniferi
767 438 900 479 versui
925 440 1030 479 1133
1062 441 1314 494 respondent,
1347 443 1514 483 eundem
1546 455 1628 484 esse

0 3084 39 3310 wan-«-
0 3062 5 3073 *
0 3005 16 3053 ''21'
0 2985 18 2994 Ἴ

110 502 314 544 neminem
345 502 467 555 fugit.
535 502 759 557 Insigniter
793 505 915 545 etiam
948 517 992 545 eo
1024 509 1266 559 congruunt,
1306 508 1411 560 quod
1442 508 1625 550 iuvenem

109 569 250 611 exsilio
284 569 476 610 affectum
515 570 648 610 multa
687 582 822 611 secum
859 571 1092 624 loquentem
1132 574 1170 613 et
1201 574 1358 625 patrem
1389 575 1628 615 abominan-

108 637 192 678 tem
236 636 402 689 fingunt
444 634 565 689 (Eur.
608 649 645 676 v.
683 637 788 677 1190
825 649 883 689 sq.
922 637 1012 678 Seu.
1042 651 1078 678 v.
1114 639 1222 679 1004
1254 638 1328 692 sq.)
1343 642 1364 679 ¹.
1426 640 1490 680 Ad
1526 653 1626 681 non-

108 703 224 745 nulla
270 704 420 753 autem,
464 715 568 756 quae
612 705 755 756 poetae
798 704 983 746 Romano
1022 706 1183 758 propria
1220 708 1328 758 sunt,
1362 707 1530 759 posthac
1567 718 1625 747 re-

107 771 257 812 vertar.

239 836 306 878 Ad
337 836 500 878 cantica
529 837 856 889 praevertamur:
896 837 1131 890 Euripidem
1165 838 1208 879 in
1239 841 1419 880 correcta
1450 839 1625 881 editione

108 904 251 946 choros
282 903 358 954 vel,
390 904 437 944 ut
466 904 616 944 rectius
647 903 795 954 dicam,
837 916 973 946 eorum
1006 918 1144 946 sensus
1175 919 1343 947 novasse
1373 907 1546 959 exceptis
1575 907 1624 948 iis

106 971 219 1021 locis,
260 983 433 1024 quorum
464 971 627 1012 mutata
659 971 893 1012 oeconomia
924 972 999 1012 hoc
1029 972 1264 1024 postularet,
1308 986 1449 1025 parum
1485 974 1626 1014 verisi-

107 1037 204 1079 mile
225 1037 502 1095 videbitur'iis
525 1038 786 1090 computatis,
819 1051 922 1091 quae
946 1039 1012 1079 hic
1034 1039 1120 1080 illic
1150 1039 1197 1081 de
1228 1039 1311 1080 eius
1333 1051 1442 1080 more
1472 1042 1626 1081 retrac-

105 1104 223 1146 tandi
268 1104 401 1146 docui.
470 1103 622 1146 Seneca
666 1106 803 1146 autem
852 1105 960 1148 haud
1009 1119 1100 1147 raro
1144 1107 1185 1147 in
1231 1106 1362 1147 choris
1397 1106 1447 1148 ab
1482 1106 1623 1147 iisdem

105 1171 403 1213 sententiarum
435 1172 650 1224 capitibus,
692 1184 715 1213 a
747 1173 894 1224 quibus
925 1173 1148 1226 Euripides,
1193 1173 1472 1226 proficiscitur,
1519 1173 1624 1214 unde

105 1238 303 1280 nimirum
347 1238 390 1280 in
437 1239 567 1280 altum
618 1240 781 1280 evectus
822 1239 1000 1280 cuiusvis
1037 1240 1195 1293 generis
1226 1239 1391 1281 floscula
1422 1252 1444 1280 a
1478 1238 1622 1280 Graeci

106 1305 296 1347 cothurni
325 1305 531 1359 dignitate
564 1306 698 1348 aliena
732 1307 908 1348 orationi
937 1306 1158 1355 immiscet;
1191 1307 1377 1360 quamvis
1396 1306 1623 1358 110011000-

103 1373 214 1414 terea
259 1385 304 1414 eo
346 1372 536 1426 excellat,
584 1373 691 1426 quod
735 1374 898 1415 cantica
928 1373 978 1414 ab
1009 1373 1152 1415 idonea
1184 1373 1275 1414 sede
1305 1374 1460 1414 remota
1491 1372 1621 1412 alieno

103 1440 193 1482 loco
213 1439 430 1482 inculcat2.
462 1439 613 1482 Omisit
633 1441 762 1493 igitur
784 1441 964 1493 parodon
983 1441 1095 1489 (Eur.
1114 1453 1149 1481 v.
1169 1441 1244 1481 121
1264 1441 1340 1492 sq.)
1378 1441 1417 1480 et
1448 1440 1621 1480 alterum

104 1507 302 1549 stasimon
319 1506 374 1562 (v.
395 1507 474 1549 732
491 1509 572 1561 sq.)
603 1507 725 1560 idque
747 1508 845 1557 iure,
877 1507 972 1560 quia
994 1507 1044 1548 ad
1076 1506 1284 1548 Phaedrae
1314 1508 1483 1547 mortem
1517 1505 1622 1546 allu-

103 1573 176 1616 dit.
236 1574 437 1628 Neglecta
467 1576 605 1616 autem
636 1574 787 1627 parodo
819 1574 1037 1623 0001101110,
1077 1574 1184 1627 quod
1217 1574 1378 1614 Amoris
1408 1574 1491 1614 vim
1521 1573 1620 1614 cele-

102 1641 209 1691 brat,
239 1641 324 1683 iam
353 1641 496 1682 statim
532 1642 624 1694 post
655 1641 826 1682 nutricis
864 1642 902 1682 et
934 1640 1142 1681 Phaedrae
1173 1640 1422 1692 colloquium
1450 1639 1620 1680 inseruit

102 1721 140 1751 V.
157 1708 240 1750 274
259 1721 333 1761 sq„
364 1707 578 1761 Euripides
604 1707 767 1749 demum
790 1713 881 1761 post
911 1708 1061 1749 amoris
1092 1706 1380 1748 confessionem
1404 1707 1531 1746 v.5·25
1546 1719 1617 1758 sq„

102 1776 226 1829 atque
269 1775 327 1817 ibi
356 1775 506 1828 aptius,
539 1776 734 1828 quoniam
781 1776 856 1816 hoc
897 1775 1015 1816 modo
1062 1787 1175 1815 amor
1204 1773 1255 1814 ad
1300 1773 1484 1814 effectum
1529 1772 1619 1812 red-

101 1842 212 1884 ditus
247 1842 497 1884 illustratur.
564 1842 715 1884 Seneca
753 1844 891 1884 autem
928 1843 993 1883 hic
1032 1842 1245 1894 praecipue
1275 1841 1467 1894 quartum
1499 1837 1620 1879 Euri-

100 1908 207 1962 pidis
251 1910 452 1952 stasimon
484 1923 521 1952 v.
557 1911 661 1952 1268
700 1923 758 1964 sq.
800 1910 851 1951 ad
887 1911 1078 1951 Amorem
1124 1908 1163 1949 id
1210 1920 1368 1961 quoque
1415 1906 1619 1959 pertinens

101 1976 341 2030 compilasse
372 1977 548 2028 videtur,
586 1978 733 2031 ubique
766 1977 955 2019 videlicet
985 1978 1223 2017 ornamenta
1255 1977 1293 2016 et
1325 1973 1503 2025 exempla
1533 1973 1618 2012 tra-

99 2043 191 2097 gico
222 2044 443 2097 exemplari
472 2046 746 2098 repugnantia
778 2044 1006 2097 Euripideis
1037 2043 1314 2096 agglutinaris.
1348 2065 1396 2068 —
1429 2041 1517 2081 Iam
1534 2039 1618 2079 sin-

99 2111 200 2164 gula
229 2111 461 2164 perlustres.
520 2112 567 2153 In
614 2112 774 2153 exordio
818 2112 992 2153 telorum
1032 2110 1196 2151 Amoris
1237 2107 1486 2162 praestantia
1516 2105 1618 2146 eele-

99 2177 257 2233 bratur,
288 2191 411 2232 quarn
430 2179 644 2232 Euripides
674 2178 882 2232 significat
914 2192 950 2219 v.
982 2178 1061 2218 530
1085 2190 1142 2230 sq.
1175 2178 1213 2217 et
1246 2176 1362 2224 1271,
1394 2174 1427 2214 si
1457 2171 1618 2224 πτερόν

100 2256 194 2285 cum
226 2245 448 2287 scholiasta
476 2244 601 2296 βέλος
630 2246 925 2299 interpretaris.
986 2245 1135 2285 Versus
1167 2243 1257 2285 Seu.
1289 2243 1365 2282 331
1398 2253 1456 2293 sq.
1478 2239 1615 2280 eodem

98 2311 291 2362 tendunt,
324 2324 403 2365 quo
435 2312 530 2353 Eur.
564 2325 600 2354 v.
636 2313 742 2354 1272
774 2325 832 2366 sq.
867 2312 937 2363 (cf.
960 2324 993 2351 v.
1017 2311 1095 2351 447
1118 2322 1189 2362 sq„
1221 2310 1298 2361 frg.
1320 2308 1426 2358 434).
1468 2306 1615 2346 Versus

99 2378 238 2420 autem
278 2377 369 2420 Sen.
409 2379 490 2420 338
520 2391 579 2433 sq.
611 2380 770 2433 copiose
807 2379 1007 2431 effingunt
1048 2377 1142 2417 Eur.
1174 2389 1210 2416 V.
1254 2374 1358 2415 1274
1391 2385 1462 2425 sq„
1493 2383 1616 2424 quam

98 2444 268 2486 eandem
296 2446 544 2487 sententiam
575 2446 624 2487 de
657 2447 810 2487 Venere
849 2446 974 2486 etiam
1010 2444 1052 2484 in
1090 2441 1286 2484 animalia
1325 2441 1364 2481 et
1394 2439 1435 2479 in
1467 2438 1615 2489 omnia,

98 2523 204 2564 quae
246 2513 358 2553 terra
402 2512 611 2554 caelumve
655 2512 880 2566 progignit,
926 2510 1163 2552 dominante
1200 2507 1327 2548 fusius
1357 2505 1511 2546 tractat
1541 2503 1615 2545 So-

233 2675 245 2694 1
294 2675 349 2721 De
380 2687 489 2710 versu
522 2676 742 2717 Sen.·1057,
783 2688 889 2720 quem
931 2688 1124 2721 perperam
1158 2677 1360 2721 Euripideo
1397 2678 1485 2712 1197
1519 2689 1612 2712 eom-

95 2737 312 2778 posuerunt,
339 2734 384 2769 cf.
411 2735 487 2769 Leo
514 2736 536 2769 1.
565 2736 587 2768 l.
614 2748 647 2780 p.
673 2736 741 2769 205
767 2748 818 2779 sq.

230 2793 244 2813 ²
269 2793 387 2827 Huius
409 2805 604 2838 perversae
631 2795 785 2829 rationis
810 2794 943 2828 similia
971 2795 1138 2838 exempla
1163 2795 1400 2839 suppeditant
1418 2795 1522 2828 Herc.
1544 2794 1611 2828 fur.

96 2853 137 2885 et
160 2851 306 2896 Medea3
332 2851 377 2887 cf.
403 2852 477 2887 Leo
503 2853 527 2887 l.
554 2853 577 2887 l.
603 2865 638 2898 p.
668 2853 745 2887 161.
777 2853 851 2886 164.
