1912 3310
629 486 969 542 Sententiae
1008 488 1448 541 controversae.

404 763 619 817 Euripides
653 763 748 816 Hip.
784 763 889 804 1425
919 776 977 816 sq.
1011 762 1198 816 scripsit:

1048 829 1169 882 κόραι
1203 826 1279 883 γὰρ
1310 822 1458 882 ἷῖζκγες
1487 824 1633 882 γάμων
1664 832 1803 883 πάρος

697 893 834 950 κόμας
864 896 1093 949 κεροῦνταί
1123 912 1205 946 σοι,
1238 894 1290 937 δι’
1323 893 1481 944 αἰῶνος
1504 896 1673 949 μακροῦ

696 963 839 1018 πένθη
872 963 1050 1018 μέγιστα
1080 959 1281 1016 &azonem
1306 962 1612 1015 οἰκούμεναι.

405 1032 532 1074 Codd.
564 1033 620 1073 B:
666 1030 971 1084 nannet-litem,-
1002 1031 1169 1085 reliqui:
1202 1030 1510 1085 καρπούμεναι.

404 1100 674 1141 Valckenaer:
706 1098 1005 1154 καρπουμένῳ.

1012 1204 1061 1239 ΙΙ.

406 1271 545 1313 Cicero
576 1270 624 1312 de
655 1269 735 1312 div.
768 1270 799 1311 Ι.
833 1270 899 1322 31,
931 1270 1003 1311 65:
1043 1264 1204 1322 ‘Sagire
1243 1269 1350 1310 enim
1382 1268 1533 1310 sentire
1565 1269 1685 1309 acute
1722 1270 1802 1310 est:

272 1352 316 1380 ex
348 1351 427 1392 quo
458 1350 581 1390 sagae
612 1349 727 1389 anus,
771 1337 868 1389 quia
904 1336 1037 1378 multa
1075 1337 1177 1377 scire
1215 1336 1372 1386 volunt,
1420 1336 1460 1377 et
1494 1347 1663 1388 sagaces
1699 1335 1801 1377 dicti

273 1399 424 1453 canes'3
452 1404 576 1446 verba
604 1403 717 1457 ‘quia
748 1403 882 1444 multa
913 1404 1015 1444 scire
1045 1403 1200 1445 volunt‘
1234 1404 1419 1446 delenda.

996 1527 1070 1562 III.

411 1591 552 1634 Cicero
589 1591 637 1631 de
668 1590 748 1631 div,
781 1590 836 1630 ΙΙ.
869 1591 934 1639 52,
975 1591 1053 1631 108
1087 1589 1270 1642 scripsit:
1313 1584 1388 1631 ‘Si‘
1422 1588 1559 1642 inquit
1598 1590 1669 1640 (se.
1704 1588 1803 1630 Ora-

272 1659 428 1712 tippus)
454 1657 693 1711 ‘aliquando
726 1657 832 1698 oculi
864 1657 1044 1710 peccent,
1089 1658 1240 1705 tamen,
1288 1657 1384 1709 quia
1427 1662 1532 1697 recte
1577 1654 1799 1708 aliquando

272 1725 463 1776 viderint,
494 1725 600 1766 inest
631 1725 672 1765 in
700 1724 749 1765 iis
779 1724 852 1765 vis
883 1737 997 1765 vera
1030 1723 1256 1765 videndi'.
1318 1722 1443 1764 Codd.
1478 1723 1536 1764 vis
1567 1721 1744 1764 videndi.

1007 1844 1067 1881 1v.

386 1910 513 1953 Caelii
546 1910 721 1964 epistula
752 1909 852 1960 (Cic.
886 1910 936 1951 ad
970 1910 1086 1951 Fam.
1116 1909 1230 1962 VIII,
1259 1911 1300 1959 8)
1332 1909 1509 1951 conflata
1558 1921 1602 1950 ex
1644 1908 1803 1949 duabus

272 1978 457 2031 epistulis
489 1978 510 2031 ξ
534 1979 639 2019 1-4
668 1978 707 2019 et
742 1977 764 2030 ξ
787 1978 935 2018 9-10.
997 1976 1174 2019 Senatus
1197 1977 1430 2018 consultum
1451 1975 1804 2028 auctoritatesque

271 2044 430 2097 §5—55
471 2046 611 2098 postea
644 2045 833 2086 insertae.
896 2044 1040 2086 Altera
1086 2043 1262 2097 epistula
1300 2043 1323 2096 ἓ
1355 2044 1505 2096 9-10,
1548 2055 1651 2096 quae
1694 2041 1805 2095 prior

272 2112 425 2165 scripta
466 2112 538 2162 est,
582 2112 796 2160 mutilata;
844 2112 928 2153 eins
969 2111 1148 2161 initium,
1198 2123 1279 2164 quo
1312 2109 1473 2152 Caelius
1505 2108 1554 2150 de
1585 2107 1724 2149 Tullia
1764 2107 1804 2149 et

273 2178 489 2221 Dolabella
530 2179 774 2220 narraverat
819 2179 887 2231 (cf.
920 2178 1027 2220 Cael.
1064 2178 1180 2232 epist.
1212 2177 1239 2219 l.
1271 2178 1297 2219 l.
1330 2178 1367 2229 6,
1400 2176 1457 2229 2),
1506 2175 1554 2217 de
1598 2174 1804 2216 industria

272 2258 480 2288 omissum.

1014 2350 1057 2386 V.

409 2415 619 2458 Catullum
651 2415 694 2456 in
716 2415 926 2457 Ariadnae
957 2414 1098 2457 fabula
1127 2413 1375 2456 illustranda
1399 2425 1430 2454 c.
1454 2412 1587 2454 LXIV
1606 2412 1657 2454 ad
1678 2410 1806 2453 Calli-

274 2483 466 2525 machum
499 2496 539 2525 se
569 2483 814 2536 applicuisse
844 2483 948 2525 falso
981 2482 1247 2524 contendunt.

1009 2586 1072 2623 VI.

406 2652 611 2706 Propertii
642 2652 849 2693 distichon
878 2652 932 2702 Π,
959 2652 995 2693 6.
1025 2652 1096 2692 41;

542 2720 629 2761 Nos
660 2732 760 2760 uxor
791 2731 1017 2772 nunquam,
1049 2729 1261 2771 nunquam
1293 2716 1459 2758 diducet
1486 2716 1636 2758 amica:

672 2798 829 2838 semper
860 2785 993 2827 amica
1024 2785 1139 2839 mihi,
1170 2797 1326 2837 semper
1356 2784 1396 2825 et
1426 2796 1526 2825 uxor
1553 2783 1632 2824 eris

276 2853 316 2894 in
348 2853 427 2893 fine
456 2853 662 2906 sequentis
690 2853 844 2906 elegiae
875 2852 1118 2905 ponendum.
