1912 3310
2 2421 17 2441 ᾳ

3 2518 19 2545 if<

2 2554 10 2563 θ
17 2558 21 2566 ι

826 214 871 249 93

223 332 312 374 Iam
352 332 483 386 igitur
514 331 712 373 alacriore
737 329 886 371 animo
919 327 1139 381 Euripidis,
1189 326 1258 380 qui
1303 339 1344 368 se
1384 326 1427 366 in
1458 325 1618 378 Hippo—

88 399 187 454 lytis
218 399 353 441 vexati
383 399 512 441 animi
543 398 645 439 mire
676 410 852 450 gnarum
883 395 1104 449 praestitit,
1136 393 1311 446 vestigia
1333 393 1458 434 altius
1485 404 1618 445 perse-

89 479 260 520 quemur
304 466 344 508 et
386 466 643 507 rimabimur.
717 463 912 517 Prospere
955 474 1049 504 vero
1095 461 1258 510 accidit,
1306 459 1413 513 quod
1453 459 1496 499 in
1539 460 1617 500 hac

89 533 328 587 quaestione
357 532 408 574 ad
430 545 559 574 unum
587 531 749 585 quidem
772 531 979 572 servatum
1002 529 1163 582 poetam
1184 526 1505 569 Alexandrinum
1527 538 1618 578 pro—

89 613 234 643 vocare
263 600 382 649 licet3
428 599 692 641 Theocritum
724 598 826 650 dico,
869 598 938 650 qui
967 598 1009 638 in
1046 596 1181 649 lepida
1212 595 1447 637 Simaethae
1476 594 1617 638 fabula

91 668 170 720 (Id.
202 668 262 720 II)
294 667 458 708 Amoris
487 666 570 707 tela
602 664 848 718 praecordiis
885 664 1009 705 infixa
1050 663 1260 705 haerentia
1303 664 1390 703 tam
1437 661 1619 703 suaviter

89 735 177 777 tam
207 734 452 787 simpliciter
480 734 567 774 tam
599 732 743 773 nativa
766 725 862 773 ‘arte
895 731 1092 781 cantavit,
1126 743 1248 784 quam
1281 729 1416 771 nescio
1439 742 1491 771 an
1514 742 1618 770 nun-

91 814 214 855 quam
254 801 379 842 ullius
417 799 554 854 gentis
591 800 755 852 poeta1.
824 799 872 839 In
913 798 1052 839 Lunae
1097 798 1234 839 autem
1274 798 1534 840 invocatione
1579 797 1619 838 et

89 868 337 922 philtrorum
368 867 570 921 apparatu
608 866 847 907 memoriam
880 865 1091 907 Phaedrae
1136 865 1311 914 subesse,
1360 878 1463 918 quae
1493 865 1617 906 etiam

88 935 130 976 in
161 935 326 977 scholiis
357 933 412 989 (v.
447 935 515 986 10)
547 933 757 987 laudatur,
803 945 975 986 pronum
1009 933 1069 973 est
1100 932 1340 983 coniectare⁷
1387 932 1484 974 licet
1515 932 1619 973 alter

90 1003 234 1044 auctor
251 1001 466 1044 Theocrito
483 1001 583 1043 haec
611 1002 853 1043 ornamenta
884 1000 1119 1042 submiserit
1138 1001 1164 1041 ².
1188 1024 1233 1029 -
1256 1000 1468 1052 Quomodo
1489 1000 1620 1053 igitur

89 1190 275 1228 κάνταῦθα
297 1194 440 1239 ἐγένετο
460 1191 605 1239 ἀᾳανὴς
624 1196 682 1227 καὶ
713 1190 914 1239 ὠνόμασαν
936 1189 1046 1235 αὐτὴν
1074 1189 1234 1239 'Anfractu
1270 1194 1303 1227 A
1330 1192 1555 1227 Callimacho
1583 1192 1618 1226 in

90 1265 132 1288 eo
158 1253 311 1298 recedit,
338 1254 436 1298 quod
459 1254 706 1288 Britomartin
733 1253 941 1298 confugisse
968 1253 1086 1287 tradit
1112 1253 1159 1286 ad
1185 1253 1397 1297 piscatores,
1442 1252 1504 1296 qui
1540 1264 1618 1286 eam

90 1313 231 1347 retibus
257 1301 503 1357 occultarent;
532 1325 642 1357 quam
668 1313 921 1347 narrationem
948 1312 1133 1346 Diodorus
1151 1311 1193 1352 V,
1221 1313 1265 1345 76
1292 1311 1461 1345 refellere
1486 1312 1620 1346 studet.

90 1372 223 1407 Matris
259 1383 392 1407 nomen
425 1370 586 1407 ‘Carme'
630 1375 817 1406 testantur
851 1372 1062 1406 Antoninus
1097 1371 1278 1405 Liberalis
1310 1370 1510 1405 Pausanias
1536 1370 1622 1405 Dio-

92 1431 204 1466 dorus
230 1431 254 1465 1.
280 1431 303 1465 1.

225 1492 236 1511 ¹
262 1489 450 1525 Romanus
475 1489 722 1534 paraphrasta
739 1489 925 1535 Vergilius
953 1489 1055 1534 (Buc.
1073 1489 1168 1525 VIII,
1196 1490 1241 1523 64
1261 1492 1327 1533 sq.)
1353 1489 1516 1523 nativam
1539 1488 1622 1521 sim-

90 1548 297 1593 plicitatem
323 1549 361 1582 in
388 1548 636 1593 descriptione
663 1549 798 1583 amoris
832 1549 966 1583 sensim
1001 1549 1112 1583 altius
1146 1551 1257 1592 atque
1292 1548 1403 1582 latius
1440 1547 1620 1592 serpentis

90 1608 200 1652 plane
226 1608 440 1653 suppressit.

226 1667 239 1687 ²
266 1666 319 1701 Cf.
346 1666 466 1701 Schol.
490 1678 525 1701 v.
554 1667 614 1700 69:
643 1664 734 1711 πρὸς
759 1665 824 1708 τὴν
849 1661 1012 1709 Σελήνην
1034 1668 1093 1699 καὶ
1119 1664 1183 1708 τὴν
1199 1662 1348 1708 Ἑκάτην
1366 1669 1469 1712 φησί.
1496 1661 1623 1704 ταύτας

89 1724 159 1771 γὰρ
188 1724 382 1770 συνεργοὺς
411 1727 460 1763 εἰς
485 1724 550 1768 τὴν
577 1727 659 1769 περὶ
688 1725 877 1770 ἐρωμένου
903 1728 1141 1770 φαρμακείαν
1168 1721 1463 1770 παραλαμβάνει·
1491 1723 1555 1767 τὴν
1582 1724 1622 1758 δὲ

89 1785 162 1819 τῶν
187 1785 431 1831 φαρμακειῶν
457 1780 638 1818 ὑπόθεσιν
665 1784 704 1818 ἐκ
738 1785 810 1818 τῶν
835 1780 1042 1830 Σώφρονος
1065 1787 1194 1829 μίμων
1219 1787 1429 1830 μεταφέρει.
1461 1804 1497 1808 --
1529 1797 1624 1829 φαρ-

90 1843 253 1890 μακειῶν
279 1856 371 1878 corr.
400 1843 538 1887 Adert;
571 1843 650 1878 cod.
679 1840 888 1889 φαρμάκῶν
913 1843 1006 1887 (sic.)
1033 1841 1151 1877 ‘haud
1177 1843 1288 1878 dubie
1314 1855 1382 1888 pro
1410 1855 1625 1889 φαρμακευ-

90 1900 226 1948 τριῶν’,
267 1907 308 1938 ut
341 1903 515 1937 Duebner
556 1903 719 1937 adnotat.
783 1903 873 1936 Inde
914 1914 1090 1947 perversa
1130 1903 1255 1947 opinio
1293 1906 1376 1936 orta
1415 1906 1469 1936 est
1508 1902 1624 1937 Theo-

93 1962 228 1997 critum
254 1965 375 1997 totum
402 1962 556 1997 alterius
583 1962 756 1996 carminis
777 1965 1036 2007 argumentum
1056 1974 1076 1995 a
1098 1961 1289 2006 Sophrone
1307 1964 1519 1996 mutuatum
1538 1974 1626 1997 esse.

91 2022 145 2055 At
170 2021 392 2057 scholiastae
418 2021 543 2065 verba,
570 2021 600 2055 si
625 2021 678 2055 ita
705 2020 986 2066 intelleguntur,
1013 2021 1051 2054 in
1077 2020 1200 2055 medio
1229 2022 1495 2056 commentario
1523 2034 1629 2056 neco-

93 2080 222 2126 pinato
249 2081 476 2125 interspersa
504 2080 604 2114 haud
630 2080 703 2114 levi
730 2080 924 2114 offensioni
951 2083 1048 2114 sunt.
1102 2079 1208 2114 Adde
1237 2080 1334 2124 quod
1367 2081 1629 2125 praecedentia

95 2139 222 2173 scholii
262 2139 376 2174 verba
401 2140 619 2184 neutiquam
646 2139 731 2174 huic
765 2139 1068 2184 interpretationi
1101 2138 1240 2173 favent.
1294 2138 1474 2182 Quocirca
1512 2141 1627 2185 perti-

95 2198 239 2233 naciter
264 2210 432 2233 assevero
446 2198 630 2233 Adertum
658 2199 862 2232 rectissime
889 2198 1032 2243 legisse,
1059 2210 1103 2232 ne
1132 2198 1253 2232 dicam
1275 2199 1504 2243 emendasse3
1531 2199 1629 2234 unde

96 2258 274 2292 nimirum
301 2257 486 2301 discimus,
513 2258 612 2302 quod
639 2258 745 2292 unice
771 2258 818 2292 ad
844 2270 923 2292 rem
949 2257 1271 2292 accommodatum
1294 2262 1359 2298 est,
1391 2258 1629 2293 Theocritum

99 2316 138 2350 in
162 2317 287 2361 priore
314 2317 487 2351 carminis
513 2320 621 2361 parte
648 2320 909 2362 argumentum
936 2318 957 2351 i.
986 2329 1014 2351 e.
1044 2320 1268 2361 apparatum
1300 2329 1488 2352 sacrorum
1515 2318 1630 2362 magi-

99 2387 226 2410 corum
253 2387 273 2410 a
299 2376 454 2410 muliere
480 2379 626 2410 amante
645 2376 784 2411 facturn
803 2389 823 2410 a
840 2375 1034 2420 Sophrone
1056 2376 1283 2420 repetivisse,
1309 2376 1460 2410 minime
1480 2376 1629 2420 quidem

99 2434 304 2480 integrum:
331 2433 396 2477 τὴν
425 2435 465 2469 δὲ
494 2431 693 2469 Θεσῑὺλιδα
721 2433 739 2469 ὁ
769 2431 959 2479 Θεόκριτος
985 2431 1232 2479 ἀπειροκάλως
1265 2434 1303 2468 ἔκ
1332 2436 1404 2469 τῶν
1426 2432 1632 2481 Σώφρονος

99 2490 297 2539 μετήνεγκε
315 2497 460 2540 Manum
485 2493 620 2541 (Schol.
648 2493 700 2528 Id.
728 2494 763 2528 II
790 2494 903 2539 Arg).
954 2494 1048 2528 Nam
1075 2494 1129 2528 rei
1156 2497 1290 2528 natura
1318 2493 1402 2538 fert,
1428 2497 1471 2528 ut
1496 2495 1631 2529 aneilla

101 2552 140 2586 in
174 2564 305 2588 scaena
337 2565 412 2587 non
445 2557 549 2587 muta
583 2565 742 2598 persona
776 2553 904 2597 fuerit,
944 2557 985 2587 ut
1024 2553 1095 2587 iam
1130 2552 1272 2587 Botzon
1309 2553 1522 2588 observavit
1561 2554 1632 2597 (De

99 2610 282 2656 Sophron.
309 2615 345 2646 et
370 2612 553 2647 Xenarch.
579 2612 751 2657 Mimogr.
782 2612 912 2656 Gymn.
940 2612 1069 2657 Progr.
1096 2611 1196 2655 Lyck
1224 2612 1323 2646 1856.
1350 2624 1384 2656 p.
1413 2613 1444 2646 8.
1471 2613 1536 2656 2.);
1561 2613 1631 2647 hoc

102 2670 276 2705 discrime
301 2671 490 2705 Theocriti
518 2683 665 2705 carmen
697 2683 827 2705 revera
854 2671 976 2705 minus
1010 2671 1181 2705 limatum
1216 2671 1372 2705 exstitit.
1409 2691 1455 2695 —
1494 2671 1631 2706 Contra

101 2730 210 2764 alteri
238 2730 413 2765 carminis
439 2730 552 2774 parti,
581 2730 618 2763 in
646 2741 719 2773 qua
744 2729 869 2763 fabula
898 2729 1080 2764 amatoria
1106 2729 1203 2764 nude
1229 2732 1435 2772 enarratur,
1462 2741 1541 2764 cum
1568 2729 1630 2763 So-

100 2787 242 2832 phrone
267 2789 526 2833 mimographo
552 2792 665 2833 poeta
691 2789 856 2823 scaenico
883 2788 977 2822 nihil
1010 2791 1064 2822 est
1096 2800 1300 2823 commune.
1335 2788 1499 2822 Dindorf
1515 2789 1631 2833 igitur

102 2846 153 2890 (p.
186 2847 267 2891 124)
311 2847 436 2881 omnia
476 2859 622 2881 sursum
657 2847 830 2881 deorsum
868 2846 1032 2881 versavit
1073 2850 1157 2891 post
1187 2844 1434 2891 ἀπειροκάλως
1470 2847 1633 2881 inserens

104 2908 331 2950 προςέθηκεν
355 2902 416 2944 οἷς.
469 2905 639 2940 Ceterum
673 2906 773 2940 haud
807 2906 881 2941 scio
915 2917 960 2940 an
993 2905 1154 2940 alterum
1187 2906 1281 2941 illud
1308 2906 1474 2941 scholion
1501 2905 1549 2951 (v.
1575 2906 1633 2950 69)
