1912 3310
850 187 893 219 57

109 299 309 352 Qualibus
329 299 506 352 argutiis
528 300 865 352 epigrammatice
888 300 1174 353 eleganterque
1195 300 1435 341 exacuendis
1454 300 1632 341 Alexan-

107 367 319 408 drinorum
340 365 512 406 vMusam
544 365 814 407 ludibundam
847 379 942 418 prae
973 366 1116 407 ceteris
1147 366 1294 407 favisse
1338 367 1427 418 quis
1473 366 1631 406 nescit?

109 431 426 475 Commenticias
474 433 613 473 autem
664 433 877 473 nominum
928 432 1242 485 originationes‚
1295 433 1441 485 quibus
1487 432 1631 474 Graeci

112 500 255 554 poetae
297 499 392 540 inde
430 499 480 540 ab
517 499 712 551 Euripide
756 499 1081 548 delectabantur,
1128 498 1404 540 Callimachus
1448 499 1633 551 inprimis

113 565 364 609 carminibus
396 577 467 618 pro
498 565 629 607 doctis
661 567 912 607 ornamentis
943 566 1159 607 inseruisse
1180 565 1363 611 videtur:
1394 565 1496 606 talia
1517 567 1632 606 sunt:

106 630 284 709 ζΕκάλη
301 628 326 686 ἡ
366 627 479 684 πρὸς
518 627 670 688 ὲαιτὴν
712 628 876 681 πάντας
918 632 1118 685 καλοῖσα,
1159 629 1378 683 Ἀχιλλεις
1421 626 1511 672 ἀπὸ
1556 631 1632 672 τοῦ

109 693 214 753 α’χος
244 694 354 741 εἶναι
382 691 574 740 Ἰλιεῦσιν
604 711 636 740 e.
668 712 704 741 a.
727 701 751 740 ¹.
813 699 890 741 Sed
923 700 1013 752 plus
1045 699 1166 746 valet,
1198 699 1303 752 quod
1337 698 1502 752 Dilthey
1536 698 1634 748 (1.1.

110 782 148 822 p.
177 769 229 809 41
260 768 340 820 sq)
385 766 428 808 in
467 765 683 813 Ovidiana,
733 779 836 819 quae
880 767 1043 815 dicitur,
1090 767 1263 819 epistula
1304 765 1545 815 XX1,209
1575 778 1634 817 sq.

109 834 437 877 Alexandrinum
469 833 634 874 Acontii
673 833 849 875 nominis
894 834 1166 886 veriloquium
1210 834 1316 874 tecte
1358 832 1635 885 significatum

111 915 196 945 esse
225 901 436 955 ingeniose
467 901 676 955 cognovit.
738 901 920 954 Denique
958 899 1275 952 μειονομασιίις
1312 898 1535 950 exemplum
1573 898 1636 938 di-

112 982 253 1023 gnum,
301 967 409 1022 quod
439 980 532 1009 cum
562 967 700 1009 Ovidii
731 968 820 1009 'loco
852 968 1134 1020 componatur,
1185 967 1227 1007 in
1260 965 1503 1007 Callimachi
1543 965 1636 1006 reli-

113 1035 220 1090 quiis
251 1035 383 1076 exstat
414 1034 492 1088 frg.
524 1035 604 1075 213
637 1034 815 1085 (Schn.):
847 1033 940 1075 ἀντὶ
969 1030 1045 1088 γὰρ
1078 1029 1264 1089 ἐκλήθης
1284 1025 1488 1085 Ἵμβρασε
1518 1034 1638 1084 ΙΙαρ-

114 1100 279 1143 &evicta
339 1102 398 1142 At
440 1114 489 1143 ne
533 1102 693 1143 mireris
739 1102 945 1143 Nasonem
991 1101 1033 1142 in
1077 1102 1163 1154 ipso
1207 1101 1423 1154 Hippolyti
1466 1099 1637 1140 interitu

112 1169 363 1211 illustrando
405 1181 498 1210 cum
538 1168 717 1222 quadarn
755 1168 968 1221 voluptate
1004 1167 1230 1220 immorari,
1276 1167 1499 1208 Lucianum
1543 1166 1638 1215 cito⁷

112 1236 182 1291 qui
215 1236 264 1278 de
295 1247 448 1278 consor.
478 1236 574 1277 hist.
603 1236 654 1276 57
684 1235 878 1277 laudatae
909 1235 1077 1276 Homeri
1110 1234 1295 1276 castitati
1325 1234 1423 1275 haec
1452 1231 1637 1285 opponit:

115 1301 153 1345 εἶ
182 1303 229 1346 δὲ
257 1303 510 1357 Παρθένιος
541 1300 566 1359 ἢ
596 1298 828 1360 Εὖφορίων
861 1299 885 1358 ἢ
920 1302 1191 1355 Καλλίμαχος
1225 1300 1354 1355 ἔλεγε,
1402 1296 1559 1348 πόσοις
1589 1293 1639 1338 ἂν

116 1367 199 1412 οἴει
232 1368 359 1413 ἔπεσι
389 1368 439 1413 τὸ
477 1368 592 1424 ὕδωρ
625 1372 719 1424 ἄχρι
753 1369 865 1424 πρὸς
894 1369 944 1412 τὸ
966 1370 1107 1423 χεῖλος
1128 1371 1204 1411 τοῦ
1228 1364 1444 1410 Ταντάλου
1469 1360 1637 1423 ἷ]γ(ιγεν;

113 1433 206 1480 εἶτα
248 1435 408 1488 πόσοις
446 1434 496 1479 ἂν
526 1433 674 1491 Ἰξίονα
715 1435 941 1488 ἐκύλισεῖ,
1002 1438 1210 1480 Nimirum
1242 1435 1508 1478 Alexandrini
1547 1434 1640 1474 hor—

116 1506 284 1548 rendam
317 1508 702 1560 monstrucsamque
733 1519 867 1547 rerum
901 1506 1162 1547 atrocitatem
1197 1516 1324 1556 usque
1353 1502 1405 1544 ad
1436 1501 1639 1542 luxuriam

113 1573 321 1616 subtiliter
363 1574 615 1615 exornabant
661 1574 700 1615 et
737 1573 1059 1626 amplificabant,
1119 1570 1354 1623 Euripidem
1390 1581 1481 1609 vero
1512 1567 1546 1608 ei
1578 1566 1641 1606 in-

115 1642 179 1682 ter
224 1653 369 1682 manus
417 1640 552 1690 fuisse,
604 1640 838 1693 quicunque
870 1639 1089 1693 Hippolyti
1120 1637 1334 1679 interitum
1364 1634 1640 1686 descripturus

116 1707 233 1758 esset,
265 1708 584 1749 consentaneum
615 1709 687 1749 est.
746 1708 893 1760 Itaque
923 1705 1151 1747 similitudo
1182 1702 1398 1745 intercedit
1427 1701 1534 1742 inter
1565 1700 1640 1741 Ov.

117 1774 198 1815 508
221 1787 278 1827 sq.
310 1775 350 1816 et
381 1774 476 1816 Eur.
506 1774 603 1828 Hip.
640 1775 746 1816 1210
767 1787 840 1827 sq.‚
872 1774 979 1815 inter
1011 1772 1084 1815 Ov.
1108 1772 1187 1812 520
1219 1772 1258 1812 et
1289 1770 1384 1810 Eur.
1410 1769 1528 1809 1222.
1563 1766 1640 1808 Sed

112 1841 311 1883 nonnulla
343 1841 463 1894 poeta
497 1841 708 1883 Romanus
750 1842 870 1882 aliter
908 1839 1114 1881 instituit:
1160 1837 1390 1878 monstrum
1434 1833 1640 1875 marinum

7 1925 21 1935 ³
50 1915 52 1918 ’
115 1921 227 1950 mare
257 1909 422 1950 omnino
455 1921 534 1950 non
566 1908 739 1962 linquit;
769 1908 872 1958 ideo,
907 1908 947 1948 ui
978 1907 1111 1956 fallor,
1145 1905 1241 1958 quia
1271 1903 1348 1943 hoc
1380 1914 1470 1942 cum
1504 1912 1641 1941 rerum

115 1975 475 2017 verisimilitudine
508 1977 725 2029 pugnaret.
785 1975 909 2017 Secus
940 1975 1034 2015 Eur.
1070 1973 1176 2014 1228
1198 1984 1270 2024 sq,
1300 1969 1391 2011 Sen.
1418 1967 1520 2009 1077
1545 1968 1642 2019 sq.³.

118 2043 246 2086 Bovis
277 2043 466 2085 habitum
495 2043 607 2085 Naso
642 2043 700 2085 ita
733 2042 927 2084 describit
959 2055 995 2083 v.
1027 2041 1124 2082 512:
1163 2035 1496 2091 ‘pectoribusque
1525 2034 1643 2074 tenus

253 2218 265 2238 ¹
293 2216 346 2252 Cf.
366 2217 518 2260 Dilthey
536 2216 571 2250 d.
592 2216 681 2250 Call.
703 2215 788 2259 Cyd.
807 2227 841 2259 p.
861 2216 905 2248 37
926 2226 977 2258 sq.
1006 2233 1049 2237 -
1075 2211 1205 2246 Nescio
1232 2212 1354 2244 autem
1381 2220 1428 2242 an
1448 2205 1646 2240 Battiaden

119 2275 233 2310 etiam
259 2275 350 2311 haec
378 2275 586 2310 redoleant:
615 2273 752 2317 Θησεὺς
779 2269 981 2319 ὠνομάσθη
1009 2269 1068 2304 διὰ
1088 2269 1152 2312 τὴν
1169 2270 1240 2303 τῶν
1257 2262 1520 2312 γνιυρισμάτων
1540 2266 1645 2298 θέσιν

117 2335 180 2367 τοῦ
205 2345 242 2368 τε
267 2336 393 2380 ξίφους
419 2337 478 2367 καὶ
503 2334 576 2368 τῶν
602 2334 761 2367 πεδίλων
779 2332 916 2375 (Etym.
933 2331 1057 2375 Magn.
1076 2342 1101 2363 s.
1121 2341 1155 2362 v.
1183 2327 1227 2362 cf.
1247 2324 1433 2360 Plutarch.
1450 2324 1556 2358 Thes.
1572 2323 1645 2366 IV),

119 2393 206 2437 quia
231 2393 365 2429 cecinit
389 2393 460 2438 frg.
487 2394 549 2427 66:

378 2450 438 2486 Ἐν
461 2452 534 2498 μὲν
559 2449 631 2496 γὰρ
662 2451 822 2495 Τροιζῆνι
851 2450 1038 2493 κολουραίῃ
1069 2443 1138 2480 ὑπὸ
1167 2446 1276 2489 πέτρῃ

382 2511 488 2553 θῆκε
516 2507 583 2545 σὺν
607 2508 816 2554 &mmmm

254 2568 268 2588 ²
299 2569 352 2604 Cf.
378 2569 530 2613 Dilthey
555 2569 578 2603 1.
605 2569 628 2603 l.
659 2580 693 2613 p.
723 2569 778 2601 22.
828 2566 951 2600 Naeke
981 2565 1067 2599 Call.
1095 2563 1180 2597 Hec.
1209 2574 1242 2606 p.
1270 2563 1290 2595 9
1317 2572 1368 2604 sq.
1410 2578 1451 2583 —-
1493 2555 1644 2591 Knaack

119 2628 316 2672 (Analecta
342 2628 544 2663 Alexandr.
572 2628 677 2663 Rom.
705 2639 739 2671 p.
768 2628 828 2670 21)
871 2625 1014 2659 Poenae
1056 2623 1203 2657 foedam
1243 2618 1527 2663 descriptionem
1565 2615 1644 2648 iure

119 2687 343 2722 Callimacho
371 2687 589 2722 vindicavit.

256 2746 270 2766 ⁸
295 2745 438 2790 Lapsus
476 2746 553 2790 ipsc
592 2744 691 2789 apud
723 2743 897 2777 Ovidium
935 2753 968 2775 v.
997 2741 1065 2773 523
1104 2737 1265 2784 stipitis·
1296 2734 1393 2780 apud
1427 2730 1645 2775 Euripidem

51 2821 53 2823 ·
118 2816 152 2839 v.
184 2805 275 2839 1233
308 2804 442 2849 lapidis
474 2815 628 2840 occursu
662 2802 870 2838 adducitur.
922 2799 1056 2834 Seneca
1088 2809 1165 2832 iem
1199 2796 1271 2830 alio
1306 2793 1414 2828 modo
1449 2788 1644 2825 exornavit

119 2875 155 2899 v.
182 2863 289 2908 10823
314 2863 360 2899 de
385 2874 457 2908 quo
483 2866 623 2908 postca.
