1912 3310
1019 173 1063 207 40

275 285 322 326 Ι11
355 286 517 327 servata
549 286 690 328 fabula
728 287 898 328 nuntius
934 287 1026 340 post
1062 286 1224 327 tristem
1268 285 1397 327 cladis
1432 286 1708 328 narrationem
1741 298 1807 328 ex-

278 352 431 393 clamat
461 365 497 394 v.
532 354 638 394 1249
669 367 746 407 sq.:
808 367 1017 407 nunquam
1055 353 1162 402 fore,
1209 354 1256 393 ut
1292 353 1368 394 sibi
1407 353 1640 406 persuaderi
1678 352 1807 406 possit

278 419 491 460 dominum
522 419 754 473 improbum
786 433 887 470 esse,
921 433 969 461 ne
1004 421 1095 461 tum
1137 419 1314 472 quidem,
1349 420 1382 460 si
1413 432 1530 461 omne
1560 420 1808 461 feminarum

276 497 404 537 genus
449 486 666 539 suspendio
716 500 756 528 se
803 487 960 528 necarit
1000 487 1177 539 Idaeque
1218 486 1337 539 pinus
1383 487 1614 540 ubicunque
1658 486 1808 528 litteris

276 552 508 605 impleatur.
568 554 696 594 Poeta
732 566 873 605 nempe
905 553 967 594 sui
1002 553 1157 606 ingenii
1189 553 1497 594 amantissimus
1527 552 1696 594 inventa
1727 564 1807 593 non

275 617 394 659 facile
425 618 585 660 abiecit.
619 643 669 648 —
703 620 884 661 Fabulae
914 619 1047 673 igitur
1079 632 1316 673 progressus
1347 620 1414 661 hic
1445 619 1552 660 erat:
1584 621 1676 672 post
1703 631 1808 659 nun-

276 683 325 724 tii
357 684 577 726 discessum
611 686 796 727 Phaedra
830 685 880 727 ad
914 698 1052 726 necem
1083 699 1124 727 se
1155 688 1275 739 parat
1307 687 1346 727 et
1377 686 1489 728 brevi
1517 685 1690 727 fortasse
1711 697 1808 726 can-

275 750 358 792 tico
389 750 601 793 interiecto
632 765 749 793 serva
795 753 834 793 et
874 752 1139 805 paedagogus
1182 752 1407 805 procedunt
1453 750 1664 794 Phaedrae
1699 762 1809 791 mor-

276 818 360 858 tem
399 819 653 860 nuntiantes.
714 819 816 860 Vere
864 818 1072 872 tragicum
1116 819 1210 860 hoc:
1256 819 1450 860 damnum
1490 818 1639 859 damno
1676 819 1809 859 conti-

277 884 417 934 nuari,
456 884 505 925 de
543 885 726 927 criminis
764 887 930 927 auctore
969 886 1078 927 ultro
1120 886 1223 927 citro
1261 886 1428 940 ambigi,
1461 885 1638 927 Dianam
1671 885 1809 927 omnia

278 951 460 993 revelare
475 954 500 993 ¹.

410 1018 470 1059 De
503 1018 678 1061 Senecae
724 1020 869 1061 nuntio
917 1019 1094 1073 denique
1136 1020 1176 1061 in
1209 1020 1349 1073 paucis
1380 1019 1600 1060 subsistere
1631 1031 1808 1072 possum.

279 1084 560 1126 Consimiliter
590 1099 682 1127 eum
716 1088 835 1139 poeta
867 1087 1078 1128 Romanus
1108 1086 1268 1127 inducit
1304 1099 1342 1127 v.
1377 1086 1458 1126 989
1493 1098 1550 1138 sq.
1581 1087 1705 1138 atque
1725 1086 1809 1127 Eu-

278 1151 429 1205 ripides
460 1154 636 1195 v.1151
669 1166 729 1206 sq.
788 1153 836 1194 In
882 1156 1067 1194 monstro
1114 1153 1278 1194 horride
1323 1152 1580 1205 depingendo
1631 1154 1671 1193 et
1718 1153 1810 1194 tota

282 1218 464 1260 luctifica
515 1221 654 1272 strage
697 1220 843 1261 taetris
894 1219 1098 1260 coloribus
1143 1219 1375 1261 exornanda
1425 1219 1465 1260 et
1516 1219 1809 1272 amplificanda

278 1286 411 1327 multa
442 1285 616 1327 Senecae
662 1286 849 1328 officinae
893 1286 1001 1327 haud
1046 1288 1218 1339 gravate
1264 1286 1429 1327 tribues.
1490 1285 1639 1327 Omnia
1670 1287 1810 1327 autem

279 1352 528 1405 singillatim
577 1365 668 1393 cum
711 1355 875 1394 servata
908 1353 1133 1407 Hippolyto
1178 1365 1417 1406 componere
1462 1364 1810 1405 supervacaneum

278 1419 394 1469 duco,
427 1419 524 1472 quia
546 1419 760 1473 Euripides
792 1422 900 1462 certe
934 1432 1014 1461 non
1045 1420 1183 1462 omnia
1215 1433 1260 1461 ex
1291 1420 1423 1462 altera
1452 1419 1593 1461 fabula
1624 1419 1809 1474 retinuit,

276 1609 392 1644 Bonn.
422 1611 511 1644 1864
537 1621 572 1654 p.
598 1610 670 1653 441,
710 1611 862 1655 repetiit
887 1623 1005 1656 nuper
1032 1612 1282 1646 &Vilamowitz
1308 1612 1461 1646 Hermes
1493 1612 1559 1646 XV
1584 1624 1619 1656 p.
1641 1611 1710 1646 484
1735 1611 1805 1656 (1):

274 1666 377 1702 ‘trau
404 1668 523 1702 einem
544 1668 670 1703 Weibe
697 1669 800 1704 nicht
827 1671 973 1709 einmal,
1000 1683 1104 1705 wenn
1131 1672 1181 1705 sie
1207 1671 1266 1705 die
1297 1671 1490 1706 Wahrheit
1517 1668 1636 1716 sagt’3
1658 1672 1727 1706 hac
1753 1672 1807 1705 in-

276 1728 545 1772 terpretatione
572 1740 592 1762 a
619 1729 741 1762 verbis
769 1729 919 1773 insuper
945 1730 1077 1764 leniter
1104 1730 1322 1764 defiectente
1348 1742 1472 1764 sensus
1491 1730 1715 1774 perversitas
1734 1741 1808 1764 non

277 1791 499 1821 removetur.
551 1786 676 1831 Neque
703 1788 773 1831 ipsi
803 1788 944 1822 Hillero
972 1788 1116 1822 medela
1144 1789 1236 1823 bene
1264 1790 1388 1823 cessit:
1418 1789 1620 1833 obsequere
1638 1788 1805 1832 mulieri,

276 1846 422 1880 etiamsi
454 1858 542 1880 vera
574 1858 649 1879 non
682 1846 798 1889 audis,
838 1847 937 1891 quod
971 1851 1141 1882 contorta
1174 1848 1421 1892 explicatione
1454 1851 1539 1893 eget
1570 1852 1607 1882 et
1634 1847 1809 1892 Euripidi

276 1905 424 1938 omnino
451 1905 644 1949 obstrepit,
672 1906 735 1949 qui
762 1907 814 1940 ita
840 1906 878 1939 in
904 1905 1133 1941 Stheneboea
1162 1906 1232 1952 frg.
1260 1908 1346 1941 673:

1066 1961 1248 1999 πισνεῦειν
1274 1966 1314 1999 δὲ
1338 1963 1411 2011 χρὴ

630 2025 770 2066 γυναικὶ
795 2023 925 2067 μηδέν,
953 2021 1051 2061 ὅστις
1078 2017 1115 2057 εὖ
1145 2028 1278 2069 φρονεῖ
1301 2025 1452 2069 βροτῶν.

278 2079 404 2124 Itaque
442 2081 510 2114 nisi
542 2093 684 2116 sumere
722 2082 839 2116 mavis
881 2094 1006 2117 versus
1053 2095 1174 2117 crassa
1205 2084 1373 2118 Minerva
1406 2097 1424 2119 e
1457 2088 1631 2120 contextu
1666 2086 1808 2120 evulsos

277 2149 364 2181 esse,
392 2139 504 2173 aliam
530 2141 712 2174 rationem
740 2153 812 2174 non
839 2141 946 2175 video
974 2142 1043 2175 nisi
1073 2154 1164 2186 eam,
1193 2154 1303 2186 quam
1329 2155 1439 2188 supra
1462 2144 1659 2178 verborum
1679 2144 1809 2179 ordine

278 2198 454 2232 mutando
487 2199 552 2232 inii
573 2199 696 2233 Leone
723 2199 814 2234 duce
841 2201 921 2241 (1.1.
941 2212 975 2244 p.
999 2202 1094 2244 185),
1121 2202 1184 2244 qui
1210 2201 1279 2236 hoc
1310 2201 1561 2247 fragmentum
1585 2203 1808 2246 respondere

277 2257 452 2300 opinatur
484 2257 586 2291 chori
619 2258 739 2292 verbis
768 2258 852 2302 Hip.
881 2259 947 2291 891
976 2271 1030 2302 sq.
1069 2279 1109 2283 —
1149 2259 1368 2305 Paedagogo
1398 2265 1518 2295 autem
1545 2260 1718 2295 WVeIcker
1743 2262 1807 2296 l.l‚

276 2326 310 2358 p.
339 2315 406 2348 742
434 2315 513 2349 iure
541 2315 697 2350 fortasse
722 2317 855 2350 tribuit
882 2316 952 2362 frg.
980 2317 1049 2351 inc.
1085 2318 1182 2360 1032,
1225 2329 1307 2352 cum
1345 2330 1418 2362 quo
1453 2323 1675 2364 congruunt,
1715 2331 1809 2364 quae

277 2372 512 2408 Coroniferus
542 2386 573 2407 v.
603 2376 670 2409 993
700 2387 751 2419 sq.
780 2375 824 2409 de
855 2387 891 2409 se
919 2376 997 2419 ipso
1028 2376 1228 2419 praedicat.

411 2433 421 2451 ¹
448 2432 628 2477 Lapicida
661 2434 818 2468 actionis
853 2434 1050 2468 decursum
1079 2446 1153 2468 non
1188 2435 1388 2469 observans
1429 2436 1467 2469 in
1502 2436 1634 2471 ultima
1677 2437 1810 2471 dextra

275 2493 381 2534 parte
408 2491 446 2525 id
471 2493 589 2536 ponit,
628 2493 725 2537 quod
758 2497 925 2538 tempore
952 2494 1054 2538 prius
1082 2498 1154 2539 est3
1195 2506 1288 2538 quae
1314 2496 1486 2539 inversio,
1528 2499 1570 2529 ut
1594 2496 1648 2530 ita
1676 2496 1808 2539 dicam,

274 2549 412 2583 nemini
438 2549 641 2595 figurarum
675 2552 957 2586 collocationem
993 2553 1235 2597 ordinemque
1273 2558 1310 2588 et
1350 2555 1447 2599 leges
1487 2554 1734 2598 responsionis
1769 2555 1809 2588 111

274 2607 455 2641 rationem
482 2610 629 2643 vocanti
656 2610 780 2644 fucum
807 2610 935 2646 faciet:
975 2612 1143 2655 exempla
1175 2624 1248 2646 non
1279 2624 1365 2646 rara
1398 2616 1493 2647 sunt.
1535 2633 1577 2637 —
1616 2613 1808 2648 Nutricem

275 2666 444 2710 denique,
486 2679 579 2711 quae
608 2669 728 2702 nuntii
757 2680 908 2703 munere
936 2669 1126 2714 fungatur,
1166 2683 1414 2716 praepropere
1441 2672 1681 2715 desiderares,
1721 2684 1804 2707 cum

275 2725 440 2758 libidinis
466 2726 676 2761 ministram
701 2728 824 2771 respui
853 2734 1138 2762 consentaneum
1169 2729 1216 2763 sit
1242 2734 1325 2774 post
1351 2729 1555 2775 flagitiosos
1581 2734 1734 2765 conatus
1761 2730 1806 2764 ad

274 2783 422 2817 irritum
453 2785 649 2819 revolutos.
702 2785 923 2820 Dubitantes
958 2787 1196 2821 meminerint
1223 2787 1428 2822 Coroniferi
1461 2792 1497 2823 et
1529 2789 1802 2833 Francogallici

272 2842 504 2887 exemplaris.
