1912 3310
840 212 884 245 63

103 322 177 375 (Μ.
214 323 295 365 530
325 335 397 376 sq„
429 323 481 364 H.
511 324 531 364 1
553 322 643 377 sq.)
702 324 876 365 Prorsus
905 325 1077 378 denique
1107 326 1148 366 in
1181 339 1225 368 eo
1257 327 1487 378 concinunt,
1518 327 1625 380 quod

103 391 278 444 cognato
309 389 472 431 nomine
502 390 614 432 furta
644 391 780 443 tegere
803 391 988 441 suadent,
1021 393 1067 432 ut
1090 392 1164 433 hoc
1187 394 1394 445 praetexto
1417 394 1624 447 amplexus

99 458 196 499 dent
227 458 267 499 et
298 456 437 499 oscula
466 457 642 509 iungant
674 457 746 508 (M.
766 458 846 499 558
870 470 941 510 sq.,
974 458 1027 499 H.
1053 459 1129 499 137
1153 460 1243 512 sq.).
1276 460 1430 500 Notum
1461 460 1624 513 quidem

98 525 159 567 est
189 524 383 566 Ovidium
410 523 576 564 tantum
607 524 669 564 sui
701 524 857 577 ingenii
891 526 1118 566 amatorem
1152 526 1287 574 fuisse,
1321 527 1365 566 ut
1386 527 1494 568 totos
1515 527 1623 568 locos

99 604 143 632 ex
174 591 303 632 altero
339 590 382 631 in
414 589 588 631 alterum
622 601 785 630 carmen
825 591 1065 632 transferret
1110 592 1180 642 (cf.
1213 593 1290 633 Leo
1326 593 1350 633 l.
1385 593 1409 634 1.
1443 606 1478 645 p.
1515 594 1623 643 169).

98 657 177 700 Sed
208 669 318 707 cave,
351 669 399 697 ne
429 655 635 708 captiosae
666 655 733 695 isti
766 656 1049 707 probabilitati
1080 658 1250 699 nimium
1284 660 1454 701 tribuas.
1515 660 1621 701 Nam

98 724 205 778 quod
239 723 379 778 Byblis
410 723 554 764 scribit
584 736 621 764 v.
654 724 731 763 551
761 736 841 776 sq.:

299 791 389 832 iura
420 803 532 832 senes
563 790 703 831 norint
733 791 773 831 et
803 791 900 844 quid
933 792 1135 846 liceatque
1166 794 1360 847 nefasque

293 859 437 912 fasque
466 858 520 899 sit
550 857 764 910 inquirant
795 858 1013 911 legumque
1044 860 1231 902 examina
1262 862 1443 902 servent:

292 925 536 968 conveniens
568 925 705 966 Venus
736 926 798 965 est
830 925 948 966 annis
979 927 1196 968 temeraria
1225 928 1398 975 nost1·is;

96 994 138 1035 id
170 994 326 1044 melius,
359 1006 483 1047 quam
511 992 648 1034 Ovidii
668 992 856 1034 Phaedra
879 994 1037 1035 v.154:
1066 993 1186 1046 ‘quid
1218 994 1369 1048 deceat,
1402 1007 1480 1036 non
1512 995 1622 1036 videt

97 1062 205 1103 ullus
236 1055 411 1112 amans',
443 1061 553 1113 prior
583 1059 795 1112 Euripidis
815 1060 1001 1101 Phaedra
1031 1061 1216 1102 illustrat
1248 1062 1324 1115 frg.
1356 1063 1459 1104 436:
1493 1059 1623 1116 ἔγωγε

97 1127 208 1185 φημὶ
224 1128 295 1169 καὶ
312 1125 444 1181 νόμον
461 1143 503 1182 γε
520 1124 577 1183 μὴ
596 1126 738 1180 σέβειν
754 1128 841 1169 >cz-2..
862 1128 928 1180 (of.
945 1129 1149 1183 f1·g.433'),
1168 1131 1231 1171 oui
1250 1130 1422 1172 Senecae
1437 1131 1623 1173 Phaedra

96 1196 200 1238 nihil
234 1196 341 1238 cedit
373 1196 525 1237 nutrici
556 1195 798 1248 disputanti,
832 1196 932 1248 quid
964 1196 1025 1237 fas
1056 1197 1110 1237 sit
1136 1210 1183 1238 ao
1203 1197 1355 1248 deceat,
1381 1198 1623 1251 respondens

98 1276 136 1305 v.
167 1264 265 1305 218:
295 1262 470 1305 ‘amoris
502 1263 545 1303 in
575 1275 640 1303 me
672 1263 897 1303 maximum
919 1276 1088 1316 regnum
1122 1258 1251 1317 puto'.
1300 1265 1453 1306 Eadem
1474 1265 1515 1305 in
1537 1265 1624 1317 ipsa

99 1331 231 1384 prima
262 1330 478 1384 Hippolyti
513 1329 827 1382 compellatione
858 1329 952 1371 deos
982 1331 1146 1372 invocat
1178 1345 1213 1372 v.
1246 1332 1344 1373 604:
1375 1327 1469 1373 cvos
1497 1333 1624 1373 testor

99 1409 238 1439 omnes
273 1396 450 1447 caelites,
496 1397 572 1437 hoc
609 1396 717 1450 quod
750 1390 861 1437 volo'
900 1420 953 1424 —
994 1398 1197 1450 suppleas:
1246 1411 1310 1439 me
1353 1399 1472 1447 nolle,
1516 1399 1623 1452 quod

97 1464 223 1506 etiam
253 1463 441 1505 nonnulli
476 1463 633 1504 codices
667 1464 873 1516 praebent.
955 1464 1096 1517 Neque
1142 1465 1302 1507 Milesia
1348 1466 1482 1518 puella
1529 1466 1622 1507 deos

98 1544 176 1573 non
207 1531 386 1572 testatur
418 1531 637 1584 omniaque
667 1543 708 1571 se
740 1531 880 1572 fecisse
911 1531 1063 1582 scribit,
1100 1532 1146 1572 ut
1175 1533 1339 1573 tandem
1363 1532 1499 1574 sanior
1520 1533 1622 1573 esset

99 1611 135 1641 v.
168 1599 245 1640 541
279 1599 392 1651 sq.¹;
423 1598 639 1651 subiungit
670 1611 707 1639 v.
739 1598 839 1638 543:

321 1688 324 1691 >
362 1665 625 1718 pugnavique
657 1665 724 1706 diu
761 1666 939 1707 violenta
971 1665 1184 1719 Cupidinis
1214 1679 1330 1708 arma

364 1732 540 1785 effugere
570 1732 722 1783 infelix,
756 1734 796 1774 et
826 1733 927 1786 plus,
967 1747 1089 1786 quam
1122 1734 1224 1774 ferre
1256 1734 1433 1786 puellam

362 1811 476 1851 posse
508 1800 635 1851 putes,
669 1812 743 1853 ego
775 1799 877 1841 dura
907 1800 985 1841 tuli
1017 1813 1047 1841 e.
1081 1813 1118 1852 q.
1149 1812 1179 1840 s.

98 1866 231 1919 Quam
253 1866 416 1919 quidem
436 1878 617 1919 pugnam
637 1866 734 1907 item
757 1865 893 1907 Ovidii
915 1866 1102 1907 Phaedra
1134 1866 1266 1907 obiter
1296 1866 1434 1919 tangit
1466 1879 1502 1907 v.
1523 1866 1621 1915 151;

97 1934 165 1976 sed
209 1933 343 1975 multa
377 1934 437 1975 est
473 1933 515 1974 in
557 1947 605 1975 ea
643 1933 901 1986 depingenda
939 1933 1145 1986 Euripidis
1186 1933 1315 1974 altera
1352 1933 1538 1974 Phaedra
1583 1946 1618 1974 v.

97 2002 177 2043 388
204 2014 263 2055 sq.
295 2025 342 2029 ——
365 2001 443 2041 Hic
477 2002 614 2042 autem
646 2000 875 2053 paullulum
907 2000 1190 2041 subsistamus.
1251 2000 1358 2040 Nam
1383 1999 1624 2040 Alexandri-

98 2081 192 2110 nam
222 2069 352 2110 artem
385 2068 493 2121 apud
515 2067 722 2109 Nasonem
745 2068 896 2120 passim
928 2067 1159 2108 delitescere
1190 2067 1259 2120 qui
1283 2067 1463 2108 nondum
1484 2066 1621 2118 sensit,

97 2136 281 2177 conferat
313 2147 405 2176 cum
436 2135 621 2177 versibus
651 2135 771 2176 modo
811 2134 991 2176 laudatis
1023 2134 1292 2175 Parthenium
1325 2135 1422 2176 erot.
1458 2134 1533 2174 11:
1580 2129 1619 2173 οὶ

97 2201 144 2243 δὲ
174 2201 352 2252 πλείους
380 2198 457 2259 τὴν
483 2200 672 2253 Βιβλίδα
702 2200 834 2255 φασίι»
866 2199 1128 2253 ἐρασθεῖσαν
1158 2201 1236 2242 τοῦ
1267 2197 1439 2241 Καύνου
1471 2196 1622 2254 λόγους

96 2263 217 2325 αὕτῴ
258 2268 553 2325 προςφέρειν2
590 2268 661 2309 καὶ
701 2268 875 2309 δεῖσθαι
908 2264 964 2324 μ’)
1006 2268 1219 2321 περιιδεῖν
1261 2261 1391 2308 αιῗῐῖν
1428 2263 1489 2317 εἷς
1535 2267 1622 2306 πᾶν

233 2370 397 2415 ¹Byblis
433 2370 604 2415 precibus
638 2370 712 2404 suis
747 2370 851 2414 quasi
888 2369 1079 2414 fastigium
1118 2369 1276 2413 imponit
1313 2368 1434 2403 verbis
1472 2380 1505 2402 v.
1534 2369 1618 2401 561:

93 2428 101 2438 ‘
119 2429 294 2464 miserere
320 2429 472 2464 fatentis
499 2426 700 2473 amorem’;
738 2429 864 2463 eadem
892 2440 1033 2462 summa
1060 2428 1264 2462 novercalis
1292 2427 1555 2462 obsecrationis
1584 2427 1620 2460 in

95 2488 219 2533 priore
245 2488 448 2533 Hippolyto
475 2488 549 2522 fuit
575 2488 633 2532 (ef.
660 2499 770 2532 supra
795 2499 830 2531 p.
860 2488 931 2530 35).

232 2548 245 2568 ²
270 2546 394 2582 Verba
432 2545 542 2592 λόγον
573 2547 632 2581 vel
667 2544 795 2591 λόγους
833 2547 1051 2591 προςφέρειν
1087 2545 1147 2579 νο1
1180 2546 1435 2590 προςπέμπειν
1471 2543 1621 2588 proprie

98 2605 322 2640 adhibentur
352 2606 391 2640 in
424 2606 559 2641 amoris
598 2605 869 2651 significatione
901 2605 977 2638 sive
1003 2604 1048 2638 ab
1081 2603 1159 2647 ipso
1186 2606 1352 2637 amatore
1377 2602 1453 2637 sive
1479 2614 1545 2647 per
1571 2603 1620 2637 al-

100 2666 220 2699 teram
246 2676 442 2709 personam
468 2664 588 2709 facta3
623 2664 667 2699 cf.
693 2666 784 2709 Arg.
812 2664 902 2698 Eur.
926 2663 1024 2707 Hip„
1053 2662 1226 2696 Parthen.
1258 2664 1311 2706 17,
1337 2663 1472 2696 Anton.
1500 2661 1621 2696 Liber.

97 2724 153 2767 34,
178 2723 351 2767 Apollod.
377 2723 424 2767 ΙΙ,
451 2725 482 2758 3.
510 2725 531 2756 2
571 2723 636 2767 ΙΙΙ,
665 2723 719 2757 13.
747 2725 778 2761 3,
818 2721 984 2766 Xenoph.
1010 2721 1143 2765 Ephes.
1170 2721 1234 2764 III⁷
1265 2722 1307 2754 12
1347 2720 1407 2764 IV,
1435 2722 1467 2764 5,
1505 2719 1620 2764 Long.

97 2781 194 2816 Past.
213 2781 278 2822 III,
299 2782 355 2816 26.
382 2801 417 2806 —-
441 2782 594 2816 Lucian.
619 2782 718 2815 deor.
738 2781 823 2815 dial.
840 2780 897 2821 VI,
918 2781 958 2814 2:
987 2779 1215 2823 Ganymedes
1234 2780 1481 2813 amatoreulus
1500 2779 1620 2823 primo

33 2872 41 2885 ,
96 2843 261 2885 nugatur
286 2842 433 2875 tantum
459 2853 542 2875 cum
564 2841 703 2875 Iunone
712 2851 720 2883 ;
747 2843 934 2884 postremo
963 2839 1075 2873 etiam
1101 2838 1212 2873 audet
1237 2834 1364 2883 λόγους
1390 2840 1620 2883 προςφέρειι».

99 2897 170 2934 Sed
195 2903 280 2934 ante
305 2899 599 2934 Alexandrinum
629 2902 772 2943 tempus
799 2898 1006 2942 exemplum
1034 2909 1107 2931 non
1133 2897 1266 2932 inveni.
