1912 3310
836 204 902 240 113

107 313 283 358 eandam
315 328 438 369 supra
466 315 551 358 iam
583 317 724 358 notavi
748 317 802 371 (p.
827 316 912 371 36).
936 341 986 347 -
1009 319 1192 367 Accedit,
1225 320 1332 372 quod
1359 321 1400 361 in
1425 320 1639 363 Cnomonis

106 382 263 430 fabula,
308 382 350 423 in
382 395 506 436 quam
535 396 642 425 nunc
670 384 906 425 accuratius
938 384 1161 439 inquiram,
1203 386 1342 439 gladio
1373 387 1508 428 iuveni
1542 401 1638 441 prae

106 451 262 490 terrore
292 449 442 502 elapso,
488 450 558 491 ubi
589 450 658 491 ille
689 451 740 492 ab
780 450 978 492 ancillula
1020 464 1216 493 novercae
1262 452 1364 493 dolis
1407 454 1636 505 opitulante

105 515 345 568 instigatus,
377 516 423 556 ut
453 519 627 558 matrem
657 517 698 557 in
729 516 947 557 manifesto
970 517 1172 559 adulterio
1195 518 1480 570 deprehendat,
1514 521 1636 560 noctu

107 582 243 624 subito
264 595 393 636 usque
414 583 465 625 ad
487 583 637 624 lectum
660 583 864 636 genialem
886 584 1117 636 prorumpit
1141 586 1181 625 et
1201 586 1358 637 patrem
1384 585 1635 626 exsilientem

107 650 297 703 agnoscit
330 647 392 699 (c.v
414 649 529 701 XII),
577 650 718 702 postea
749 650 790 689 in
820 649 973 691 iudicio
1007 651 1056 691 ad
1091 651 1295 692 insontem
1327 652 1634 704 opprimendum

107 717 282 757 utuntur
299 717 350 768 (c.
373 716 506 768 XIII).
541 710 657 768 Quae¹
675 715 786 757 fictio
818 717 980 769 longius
1012 718 1164 758 recedit
1196 719 1246 759 ab
1277 719 1510 771 exemplari,
1543 720 1638 772 quia

107 795 282 825 noverca
322 784 462 836 gladio
505 795 584 824 non
625 784 667 824 in
710 784 798 836 ipsa
842 784 974 836 stupri
1018 784 1121 825 falsa
1169 785 1454 827 criminatione
1498 787 1639 840 utitur,

108 850 274 903 propius
305 851 437 901 abest,
471 851 564 904 quia
601 851 764 903 gladius
796 851 912 904 quasi
943 851 1094 903 pignus
1127 852 1270 904 culpae
1303 853 1433 893 locum
1467 853 1638 895 invenit.

241 917 318 959 Sed
351 918 475 959 etiam
507 918 558 959 ad
594 918 770 959 alterum
802 918 936 959 locum
969 918 1190 971 diligenter
1215 920 1501 971 pensitandum
1529 921 1638 973 Apu-

108 984 176 1025 leii
199 984 340 1026 fabula
360 984 525 1026 invitat.
580 985 745 1026 Etenim
772 983 951 1026 Cnemon
975 986 1127 1036 narrat,
1165 986 1367 1038 quomodo
1394 999 1565 1028 noverca
1600 1001 1640 1029 se

109 1064 132 1093 a
164 1050 566 1093 Panatlienaicorum
610 1052 883 1094 celebratione
914 1052 1102 1093 reducem
1141 1054 1252 1094 veste
1292 1054 1478 1095 sollemni
1524 1067 1638 1096 coro-

109 1131 242 1172 naque
279 1118 596 1160 condecmatum
639 1119 803 1160 vixdum
844 1120 977 1161 visum
1020 1119 1190 1161 libidine
1225 1133 1416 1174 praeceps
1454 1122 1638 1174 amplexa

108 1185 163 1226 Sil]
195 1197 227 1226 0.
259 1185 318 1226 X:
365 1179 454 1225 ἀλλ’
486 1178 575 1226 ἀπὸ
608 1186 766 1241 γιμῑῆς
794 1188 871 1242 τῆς
902 1185 1141 1239 &mm-'‘mccg
1171 1201 1301 1239 προςε
1297 1185 1427 1241 ’ῖρεχε
1460 1187 1527 1228 καὶ
1561 1204 1638 1229 πε-

110 1250 346 1304 ριβαλοῦσα
389 1248 412 1293 ὁ
459 1251 553 1301 νέος
592 1249 865 1307 Ἱππόλιτος,
918 1270 940 1293 ι)
976 1249 1141 1308 Θιᾞσεις
1181 1270 1202 1293 0
1244 1250 1346 1306 ἐμὸς
1383 1251 1539 1308 ἔλεγε]
1585 1279 1639 1284 —-

108 1320 300 1361 Iuvenem
334 1319 467 1372 igitur
496 1319 617 1360 simul
650 1320 851 1361 Theseum
881 1321 921 1362 et
951 1321 1223 1374 Hippolytum
1260 1321 1481 1363 salutarit?
1540 1322 1639 1363 Sen-

108 1399 200 1428 sum
241 1386 399 1427 nullum
444 1399 527 1428 esse
572 1387 775 1440 perspexit
813 1387 954 1429 Cora‘i's
996 1388 1055 1439 (Π
1089 1401 1126 1440 p.
1161 1389 1248 1439 19);
1295 1389 1379 1441 ipse
1409 1389 1584 1441 protulit
1613 1385 1635 1429 ὁ

112 1452 289 1508 Θησέως
319 1449 424 1504 υἱός,
470 1454 579 1507 quod
609 1455 651 1495 in
680 1455 767 1496 tam
799 1455 938 1496 vivida
967 1455 1219 1497 salutatione
1250 1456 1399 1496 mirum
1439 1457 1637 1509 quantum

108 1520 281 1573 languet
310 1522 350 1562 et
379 1521 598 1563 claudicat.
645 1522 947 1563 Exclamationi
973 1524 1108 1563 autem
1132 1523 1231 1563 item
1260 1524 1464 1576 repugnat
1488 1522 1637 1563 Rohdii

110 1587 343 1629 coniectura
374 1587 418 1639 (l.
442 1588 468 1628 l.
494 1601 530 1641 p.
553 1588 647 1629 458.
675 1592 733 1637 5):
766 1584 788 1628 ὁ
812 1587 906 1637 νέος
926 1585 1196 1638 (Ιῑτῐῑόλιττος,
1232 1587 1390 1642 ἐρρέτω
1422 1585 1444 1629 ὁ
1470 1586 1639 1643 Θῃσεῦς

108 1649 131 1694 ὁ
163 1652 282 1707 ἐμός,
323 1654 366 1695 in
397 1667 478 1708 qua
509 1656 717 1708 praeterea
749 1651 770 1695 ὃ
807 1654 909 1708 ἐμός
939 1656 990 1697 ad
1023 1656 1222 1698 Theseum
1254 1657 1428 1698 relatum
1460 1657 1637 1698 maxime

109 1721 290 1763 offendit.
335 1722 479 1774 Neque
499 1723 714 1764 verborum
738 1718 760 1762 ὁ
785 1722 878 1772 νέος
900 1723 1098 1764 rationem
1132 1724 1240 1764 viros
1274 1723 1414 1765 doctos
1445 1724 1638 1765 accurate

108 1788 186 1830 sibi
217 1788 446 1830 reddidisse
477 1789 715 1830 contendo‘2.
757 1789 818 1830 Ne
841 1790 994 1831 multus
1015 1789 1112 1830 sim:
1145 1802 1277 1831 nonne
1299 1790 1486 1832 Phaedra
1509 1790 1636 1840 adest,

109 1867 212 1908 quae
248 1854 431 1896 affirmat
469 1868 509 1896 se
540 1855 685 1897 Thesei
730 1856 844 1909 pueri
884 1856 1025 1897 vultus
1066 1856 1219 1909 priores
1261 1869 1411 1907 amare,
1461 1869 1552 1898 cum
1596 1857 1638 1898 in

108 1921 334 1975 Hippolyto
367 1923 530 1976 genitor
560 1923 671 1964 totus
703 1923 783 1964 sit‘?
817 1923 926 1973 (Sen.
958 1935 994 1964 v,
1029 1924 1109 1964 646
1138 1924 1214 1976 sq.)
1270 1923 1517 1964 Nominibus
1549 1935 1640 1976 pro-

108 1989 208 2042 priis
237 1989 368 2042 igitur
399 1989 507 2031 inter
537 2002 577 2031 se
608 1990 781 2031 mutatis
812 1990 1090 2031 scribendum:
1123 1985 1145 2030 ὁ
1181 1988 1274 2039 νέος
1296 1985 1473 2043 Θησεύς,
1506 1989 1528 2030 ὁ
1555 1989 1637 2030 Ἱπ-

109 2051 301 2113 πρλυτος
339 2052 361 2096 ὁ
401 2052 516 2109 ἐμός.
576 2056 692 2108 Quod
733 2057 868 2099 scriba
904 2070 1049 2109 parum
1090 2057 1311 2105 intellexit3
1362 2057 1493 2107 credo,
1542 2056 1639 2110 quia

109 2123 195 2165 eius
225 2123 363 2165 animo
394 2124 645 2177 Hippolytus
688 2124 836 2165 alacris
880 2124 1107 2165 iuventutis
1153 2124 1357 2177 exemplar
1388 2124 1523 2176 potius
1568 2124 1640 2164 ob-

109 2191 362 2233 versabatur.
410 2190 656 2233 Coniectura
674 2192 812 2233 autem
836 2191 1023 2232 munitur
1053 2192 1092 2231 et
1119 2191 1409 2232 constabilitur
1441 2203 1498 2242 eo,
1531 2189 1639 2243 quod

108 2258 152 2300 in
187 2259 355 2313 Apuleii
399 2258 542 2300 fabula
585 2258 694 2300 idem
737 2258 915 2300 eiusdem
965 2270 1133 2299 scaenae
1178 2257 1422 2310 Euripideae
1469 2269 1639 2298 acumen

247 2461 259 2481 ¹
286 2460 424 2495 Similis
463 2462 518 2494 est
555 2459 784 2494 Aristaeneti
822 2459 922 2493 locus
954 2459 1001 2500 ΙΙ,
1038 2460 1089 2492 13.
1131 2470 1166 2502 p.
1197 2459 1263 2492 166
1295 2457 1339 2491 Η.
1404 2456 1456 2491 Cf.
1490 2456 1640 2501 Dilthey

112 2520 146 2554 d.
172 2519 261 2554 Call.
289 2519 376 2563 Cyd.
401 2530 437 2563 p.
465 2520 520 2553 73.

247 2579 260 2599 2
286 2578 433 2612 Iuvenis
458 2576 680 2622 significat-io
705 2576 765 2610 hic
791 2587 941 2620 prorsus
971 2575 1157 2619 superflua
1190 2577 1255 2608 est.
1305 2574 1476 2607 Alterum
1516 2575 1640 2607 autem

111 2648 271 2676 sensum,
311 2648 382 2680 quo
409 2635 651 2670 Prometheus
676 2633 757 2672 τοὺς
783 2637 884 2672 νέους
909 2630 1016 2671 θεούς
1042 2636 1133 2668 citat
1160 2632 1303 2677 (Aesch.
1333 2632 1456 2666 Prom.
1484 2633 1568 2675 9603
1596 2631 1640 2665 cf.

113 2708 147 2730 v.
173 2695 258 2739 955)
290 2695 329 2729 in
356 2695 544 2729 concitata
572 2693 796 2728 allocutione
827 2693 982 2726 nimium
1019 2692 1156 2736 frigere
1188 2702 1294 2725 nemo
1327 2693 1390 2731 est,
1434 2690 1522 2733 quin
1556 2700 1640 2722 con-

113 2754 261 2788 sentiat.
310 2753 441 2788 Nescio
467 2756 672 2797 praeterea,
713 2763 757 2785 an
794 2750 956 2794 antiquis
989 2749 1204 2784 auctoribus
1236 2759 1349 2792 aeque
1382 2760 1425 2782 ac
1449 2748 1584 2781 nostris
1612 2746 1641 2780 is

114 2824 200 2847 usus
235 2812 339 2847 verbi
377 2812 547 2846 insolitus
587 2810 712 2854 fuerit,
751 2810 810 2843 cui
847 2809 1003 2843 Goethe:
1047 2808 1112 2842 der
1143 2819 1236 2842 neue
1261 2807 1422 2848 Pausias,
1460 2806 1525 2839 der
1550 2816 1642 2838 neue

113 2871 230 2914 Paris,
256 2871 315 2905 die
341 2883 433 2905 neue
459 2871 649 2912 Melusine,
677 2869 864 2903 civitatem
891 2868 979 2902 (lare
1005 2872 1156 2901 conatus
1183 2870 1247 2899 est.

1356 2923 1376 2956 8
