1912 3310
1043 183 1089 216 60

304 296 593 337 Eratosthenes
611 295 778 349 pergit:
809 294 970 348 λέγεται
990 290 1067 335 τὸν
1084 293 1166 335 Δία
1185 293 1444 348 ὀργισθέντα
1461 295 1828 350 κεραι·ι’οβολῆσαι

303 361 379 418 τὴν
401 359 538 403 οἰκίαν
560 361 726 415 αὐτοῦ’,
752 356 845 402 εἶτα
876 359 946 402 διὰ
975 360 1051 401 τὸν
1074 354 1333 402 ΪΑπόλλωνα
1355 366 1508 402 τοῦτον
1540 359 1601 411 εἷς
1625 377 1648 401 τ
1665 358 1674 372 *
1693 361 1829 415 ἄστρα

303 423 539 482 ἀναγαγεῖν.
601 429 743 470 Altero
775 429 905 481 igitur
932 429 1021 469 loco
1054 427 1192 469 Ovidii
1224 428 1406 469 narratio
1439 428 1600 470 uberior
1631 430 1704 476 est,
1749 442 1828 483 quo

304 496 472 537 Roberti
519 496 753 537 coniectura
795 495 838 543 (1.
869 495 894 535 l.
928 507 964 547 p.
997 496 1069 545 35)
1114 493 1304 535 firmatur
1349 493 1543 536 Ovidium
1579 496 1678 549 ipsis
1716 498 1830 539 cata-

302 562 409 615 logis
436 575 555 603 usum
584 575 679 604 esse.
740 561 919 611 Accedit,
953 561 1059 614 quod
1084 561 1149 602 hic
1171 574 1207 602 v.
1233 561 1311 602 749
1333 574 1389 614 sq.
1413 562 1536 603 refert
1557 563 1829 616 Hippolytum

304 630 353 670 iis
385 629 642 683 graminibus
674 629 864 670 sanatum
904 641 999 679 esse,
1038 641 1142 682 quae
1174 627 1321 670 Glauci
1358 629 1549 670 manibus
1586 629 1698 682 prius
1737 642 1832 682 pro-

304 696 478 737 fuissent
495 697 522 736 2.
583 694 867 737 Catasterismi
890 696 970 736 ita:
1003 691 1061 744 αἷς
1092 695 1161 736 καὶ
1190 693 1290 745 τούς
1322 688 1400 750 ἤδη
1432 691 1699 749 τεθνηκότας
1727 693 1832 749 ἐγεί-

306 777 407 815 ρειν,
453 761 496 803 ἐν
528 755 597 811 οἷς
640 761 710 802 καὶ
754 760 936 813 ἔσχατον
976 758 1233 804 Ἱππὸλιτον
1278 759 1353 802 τὸν
1396 761 1584 816 Θησέως.
1645 762 1750 815 Quid
1797 763 1832 804 Si

304 830 530 883 genuinum
577 841 676 882 opus
723 830 858 882 plures
903 830 998 870 ante
1045 830 1316 884 Hippolytum
1361 830 1402 871 in
1449 831 1578 872 vitam
1620 831 1831 872 revocatos

305 897 645 938 enumeraverat?
705 897 943 949 Propertius
989 898 1094 938 enim
1141 898 1328 939 nominat
1373 898 1498 939 etiam
1542 898 1831 952 Androgeona,

305 976 425 1016 quem
455 963 553 1004 deus
577 964 825 1017 Epidaurius
849 963 1000 1005 Cressis
1032 964 1164 1005 herbis
1196 964 1341 1017 patriis
1373 964 1472 1006 focis
1503 965 1730 1006 restituerit
1761 963 1833 1016 (II,

310 1035 342 1071 1.
374 1031 424 1070 61
460 1034 561 1083 sq.);
593 1031 707 1071 cuius
738 1030 794 1071 rei
827 1030 985 1071 nullum
1020 1031 1229 1083 praeterea
1261 1031 1544 1073 testimonium
1576 1032 1710 1073 exstat
1727 1033 1755 1071 3.

439 1097 646 1150 Vergilius
668 1097 854 1150 denique,
877 1110 995 1150 quem
1019 1096 1341 1139 Callimacheum
1363 1098 1498 1139 aetion
1519 1099 1690 1151 tangere
1712 1110 1834 1150 supra

308 1162 500 1212 vidimus,
530 1163 746 1218 Hippolyti
774 1164 904 1205 filium
925 1164 1115 1206 Virbium
1136 1165 1273 1206 Turno
1297 1165 1392 1206 belli
1421 1166 1576 1206 socium
1606 1165 1834 1219 profectum

308 1243 392 1271 esse
438 1243 585 1273 canens
633 1232 750 1282 (Aen.
783 1232 876 1282 VII,
915 1233 992 1273 761
1026 1231 1105 1286 sq.)
1152 1233 1290 1286 paucis
1336 1233 1464 1286 patris
1510 1233 1598 1274 fata
1643 1232 1835 1275 absolvit.

444 1391 452 1408 ¹
482 1389 582 1424 Idem
618 1394 773 1426 narrant
806 1392 972 1437 Hyginus
1004 1392 1106 1426 Poet.
1135 1393 1284 1426 Astron.
1310 1392 1356 1431 ΙΙ,
1387 1392 1438 1426 14.
1497 1392 1617 1427 Schol.
1645 1392 1766 1427 Germ.
1793 1392 1834 1427 G.

313 1447 388 1491 120,
415 1449 470 1482 20.
521 1448 617 1483 Naso
650 1449 759 1483 deum
794 1450 914 1494 ipsum
941 1450 1179 1495 fulminatum
1205 1462 1281 1484 esse
1312 1450 1509 1494 perhibens
1537 1451 1575 1484 in
1600 1451 1668 1485 hac
1693 1463 1766 1485 una
1792 1463 1832 1486 re

308 1507 353 1540 ab
379 1507 627 1542 Eratosthene
654 1509 838 1553 deflectit3
864 1510 953 1544 item
981 1509 1099 1543 Schol.
1131 1509 1251 1544 Germ.
1278 1509 1349 1543 BP.
1376 1521 1410 1554 p.
1439 1511 1495 1553 62,
1525 1511 1579 1543 13.

444 1568 456 1586 2
483 1567 675 1601 Distichon
704 1569 868 1602 751-52
895 1568 1135 1602 subditicium
1162 1568 1276 1612 du003
1316 1568 1413 1602 idem
1440 1568 1513 1602 rati
1540 1570 1625 1602 sunt
1653 1567 1834 1611 Heinsius,

308 1625 491 1661 Schrader
517 1627 659 1660 emend.
686 1639 719 1671 p.
753 1628 827 1661 191.
879 1627 931 1660 Cf.
959 1627 1068 1661 Peter
1096 1627 1149 1661 ed.
1178 1627 1260 1661 adn.
1289 1628 1369 1661 crit.
1397 1639 1431 1671 p.
1460 1628 1515 1661 89.
1567 1627 1837 1672 Unusquisque,

308 1685 371 1729 qui
397 1697 543 1719 versum
571 1686 640 1719 750
663 1686 810 1731 legerit,
838 1687 987 1730 putabit
1005 1690 1151 1731 poetam
1175 1687 1219 1721 de
1239 1687 1449 1730 Aesculapii
1469 1698 1537 1731 ope
1555 1686 1668 1729 loqui.
1707 1686 1838 1720 Nonne

308 1743 504 1779 mirificum
536 1749 783 1779 commentum
817 1749 871 1779 est
913 1746 1021 1780 deum
1048 1757 1121 1779 11011
1151 1757 1215 1780 sua
1246 1745 1309 1779 sed
1336 1745 1479 1789 Polyidi
1505 1745 1674 1790 gramina
1702 1756 1721 1779 e
1747 1745 1839 1780 cista

309 1803 551 1847 depromere?
601 1804 755 1839 Pessimi
795 1808 919 1839 autem
958 1805 1028 1849 ipsi
1072 1816 1199 1839 versus
1242 1808 1338 1844 sunt,
1385 1805 1448 1848 qui
1487 1805 1537 1839 sic
1576 1804 1613 1838 in
1651 1804 1838 1839 codicibus

307 1862 505 1907 leguntur:

508 1925 598 1956 tunc
624 1934 707 1957 cum
734 1922 947 1957 observatas
975 1935 1092 1968 augur
1118 1922 1308 1957 descendit
1335 1922 1372 1955 in
1398 1921 1542 1965 herbas,

575 1993 660 2015 usus
688 1985 724 2016 et
751 1982 889 2016 auxilio
917 1985 972 2016 est
998 1982 1129 2027 anguis
1158 1981 1202 2015 ab
1229 1992 1349 2026 angue
1376 1981 1474 2015 dato.

309 2039 440 2074 Omnia
476 2040 648 2074 redolent
686 2040 852 2084 poeticae
891 2040 1065 2075 dictionis
1105 2040 1261 2074 inscium
1294 2042 1493 2074 auctorem.
1556 2039 1673 2073 Primi
1712 2051 1839 2074 versus

308 2101 469 2132 metrum
495 2098 648 2142 durum,
688 2111 805 2143 neque
831 2099 968 2143 placet:
996 2098 1107 2134 ‘tunc
1134 2096 1250 2143 cum’3
1292 2098 1412 2132 minus
1439 2098 1564 2142 etiam,
1590 2098 1688 2142 quod
1715 2109 1838 2133 recen-

309 2157 415 2192 tioris
442 2158 574 2192 aetatis
598 2169 717 2202 neque
744 2160 893 2192 omnino
920 2158 1107 2202 poeticum
1139 2160 1208 2192 est:
1251 2157 1458 2192 ‘descendit
1486 2157 1523 2190 in
1549 2155 1712 2192 herbas'.
1763 2158 1838 2191 An-

310 2217 392 2261 guis
420 2217 578 2261 denique
603 2220 783 2259 mortuus,
822 2217 881 2250 cui
907 2217 1001 2251 alter
1027 2217 1244 2261 opitulatur,
1281 2216 1418 2250 dicitur
1447 2216 1502 2249 uti
1531 2216 1684 2250 auxilio!
1737 2215 1842 2251 Hanc

312 2275 461 2318 quidem
494 2287 604 2309 unam
643 2274 819 2309 offensam
853 2274 1025 2309 Merkelii
1061 2275 1273 2310 coniectura
1310 2275 1480 2317 removit,
1517 2275 1677 2318 reliquas
1717 2275 1841 2319 potius

311 2345 449 2378 augens
466 2349 472 2368 ;

511 2397 599 2427 tunc
625 2405 707 2428 cum
734 2393 948 2427 observatas
975 2393 1107 2438 anguis
1134 2393 1323 2427 descendit
1350 2392 1388 2426 in
1413 2392 1574 2436 umbras,

578 2464 662 2486 usus
690 2456 726 2486 et
751 2452 889 2486 auxilio
918 2464 1036 2496 augur
1063 2452 1109 2486 ab
1137 2463 1256 2497 angue
1283 2451 1381 2485 (lato.

449 2512 461 2531 ³
489 2511 667 2546 Glaucum
695 2511 740 2546 ab
767 2511 988 2556 Aesculapio
1016 2511 1052 2544 in
1080 2511 1195 2545 vitam
1230 2512 1445 2545 revocatum
1472 2521 1548 2544 esse
1579 2512 1739 2544 testatur
1766 2509 1841 2545 Me-

312 2569 498 2614 lesagoras
524 2571 709 2614 (Apollod.
724 2570 790 2613 III,
821 2572 872 2604 lO.
901 2572 931 2604 3.
963 2570 1082 2604 Schol.
1102 2570 1189 2604 Eur.
1208 2570 1284 2604 Alc.
1309 2570 1349 2613 13
1378 2569 1423 2603 cf.
1442 2569 1585 2603 Robert
1611 2570 1633 2602 1.
1653 2569 1675 2603 l.
1693 2581 1728 2613 p.
1746 2568 1841 2614 233).

314 2628 389 2661 Alii
416 2628 506 2662 alios
538 2629 709 2672 laudant3
738 2628 781 2664 cf.
810 2629 930 2663 Schol.
960 2629 1067 2663 Pind.
1096 2628 1201 2672 Pyth.
1229 2629 1293 2672 111,
1323 2628 1378 2662 96.
1431 2628 1576 2662 Philod.
1604 2641 1642 2662 π.
1670 2625 1744 2662 eoa.
1776 2629 1839 2662 131

313 2698 347 2730 p.
375 2687 419 2720 52
448 2686 487 2720 G.
540 2686 671 2721 Sextus
700 2688 840 2732 Empir.
869 2688 951 2722 adv.
973 2688 1085 2722 math.
1113 2688 1140 2731 Ι7
1172 2690 1214 2721 12
1241 2699 1275 2732 p.
1297 2688 1363 2721 271
1391 2687 1502 2721 Fabr.
1524 2689 1664 2721 Aeneas
1680 2686 1841 2721 Gazaeus

313 2756 348 2789 p.
376 2746 418 2778 71
452 2745 566 2779 BoisS.
595 2746 713 2780 Schol.
745 2747 829 2780 Eur.
864 2747 942 2781 Alc.
976 2747 998 2780 l.
1028 2747 1050 2780 1.
1086 2747 1258 2791 Apollocl.
1292 2747 1314 2780 1.
1343 2747 1365 2780 l.
1407 2765 1450 2771 —
1490 2746 1657 2791 Hyginus
1693 2746 1841 2790 quidem

314 2805 350 2848 (l.
379 2803 419 2848 1.)
449 2804 627 2838 Glaucum
657 2806 865 2850 Aesculapii
892 2817 1004 2850 opera
1028 2805 1209 2840 revixisse
1234 2817 1307 2839 non
1337 2817 1380 2839 ex
1407 2805 1655 2839 Eratosthene
1690 2807 1841 2848 narrat3

313 2862 440 2898 laudat
463 2861 704 2907 ‘nonnullos’,
733 2864 796 2909 qui
819 2864 888 2899 1100
915 2864 1153 2899 rettulerint.v
1179 2863 1231 2899 Cf.
1259 2863 1401 2900 Robert
1427 2865 1450 2898 l.
1477 2864 1501 2898 l.
1532 2875 1568 2909 p.
1597 2864 1666 2897 232
1695 2875 1746 2908 sq.
