1912 3310
0 0 19 173 ='‚.†--v-*-7.·r-⁴

874 199 920 233 99

132 307 297 353 ,Μαντώ
343 311 387 353 ἐν
436 306 539 370 ὄργῇ
584 307 859 368 ἅκατασχέτῳ
905 313 1061 367 γίνεται
1109 313 1179 354 καὶ
1223 308 1461 366 ἀναμίξασα
1505 311 1658 365 πάντα,

128 374 316 434 φθόνον,
348 379 622 434 ζηλοτυπίαν,
655 376 806 435 λύπην,
841 376 996 436 φόβον,
1028 377 1183 421 ἐνενόει
1219 377 1343 431 ὅπως
1372 382 1661 438 τιμωρήσεται

126 442 203 487 τὸν
235 442 607 502 ὗπερηφανοῖτντα.
670 449 854 501 Denique
890 449 1093 489 insontem
1126 449 1313 490 iuvenem
1344 449 1446 490 falso
1479 450 1660 502 crimine,

128 513 237 566 quod
269 515 351 555 vim
393 515 470 555 sibi
506 516 686 556 voluerit
725 515 888 565 inferre,
927 515 1034 567 apud
1072 517 1229 568 patrem
1263 515 1405 556 defert.
1438 539 1491 544 -—
1524 517 1660 569 Expli—

127 581 261 622 catius
292 580 466 622 fabellae
496 582 746 622 lineamenta
769 583 1003 633 persecutus
1025 595 1126 631 sum,
1161 595 1251 623 cum
1273 582 1505 634 impudicae
1529 583 1660 624 Phae-

127 646 224 688 drae
263 647 488 701 imaginem
516 647 754 701 legentium
787 648 936 688 animis
968 650 1111 700 sponte
1142 661 1350 690 recursare
1382 651 1488 690 certe
1519 649 1659 690 sciam.

129 713 448 755 Animadvertas
468 726 631 767 quaeso,
665 727 788 767 quam
807 715 1033 755 consimilis
1051 715 1244 767 gradatio
1266 715 1307 756 in
1331 715 1505 757 Senecae
1528 716 1660 756 Phae-

128 780 200 822 dra
232 780 368 821 locum
398 781 620 822 invenerit:
666 781 852 822 mittitur
894 782 1090 834 primum,
1140 795 1244 834 quae
1280 784 1438 823 castum
1470 782 1658 823 iuvenem

124 847 427 889 inclinatiorem
464 847 515 889 ad
556 848 707 889 scelera
748 848 910 898 reddat,
958 848 1102 890 deinde
1131 849 1218 901 ipsa
1251 849 1386 902 puella
1418 861 1555 890 morae
1586 862 1659 902 pa-

124 914 317 955 tientiam
348 927 540 967 rumpens
570 915 756 967 procedit
785 915 824 956 et
855 927 1036 956 amorem
1066 914 1255 956 fateturl.
1317 915 1476 957 Summi
1518 918 1656 958 autem

125 981 321 1022 momenti
353 982 558 1030 tabellae3
587 995 695 1032 nam,
727 983 773 1022 ut
803 983 962 1024 taceam
994 982 1042 1024 de
1071 982 1282 1024 Phaedrae
1314 983 1513 1035 epistulae
1546 997 1656 1025 exor-

125 1047 192 1089 dio
222 1048 354 1101 lepide
374 1049 434 1090 ita
463 1050 656 1091 exornato
681 1049 772 1100 (Ov.
799 1050 894 1092 Her.
923 1050 992 1100 IV,
1019 1051 1138 1103 lsq.;
1165 1049 1214 1091 cf.
1232 1050 1329 1090 Met.
1350 1050 1423 1101 IX,
1453 1051 1534 1091 530
1556 1051 1657 1104 sq.):

324 1115 425 1168 Qua,
456 1116 535 1158 nisi
565 1117 611 1157 tu
640 1117 810 1167 dederis,
844 1118 1025 1159 caritura
1055 1119 1116 1159 est
1145 1118 1234 1170 ipsa
1265 1117 1409 1167 salute,

389 1183 522 1224 mittit
552 1184 778 1225 Amazonio
809 1183 950 1226 Cressa
983 1184 1117 1237 puella
1149 1185 1250 1235 viro,

128 1249 236 1302 quod
267 1249 410 1291 Manto
441 1263 482 1291 se
516 1251 766 1293 confessione
794 1251 998 1293 laxantem
1032 1254 1215 1293 excusat:
1244 1250 1395 1305 μηκέτι
1416 1249 1564 1305 φέρειν
1585 1251 1657 1291 δι·-

124 1315 291 1371 ναμένιὲ,
326 1329 370 1358 eo
402 1317 561 1358 dolores
596 1319 635 1359 et
667 1318 874 1359 cruciatus
905 1318 1154 1369 subindicat,
1201 1319 1249 1360 de
1290 1319 1438 1372 quibus
1470 1318 1657 1359 Phaedra

124 1385 165 1425 et
195 1385 339 1438 Byblis
381 1385 579 1435 scribunt,
617 1386 838 1438 antequam
874 1386 1007 1427 victae
1047 1386 1170 1427 fateri
1203 1388 1405 1439 cogantur
1436 1385 1528 1437 (Ov.
1561 1386 1659 1426 Her.

122 1450 199 1501 IV,
248 1452 324 1492 151
363 1464 422 1504 sq.
472 1451 570 1493 Met.
608 1451 679 1499 IX,
727 1453 808 1493 544
843 1453 933 1506 sq.).
1008 1453 1151 1507 Pergit
1195 1454 1291 1495 illa:
1335 1447 1534 1504 ἀπρεπὲς
1578 1452 1656 1506 μέν

123 1517 210 1559 κτλ.
225 1519 252 1569 2,
298 1519 445 1571 quibus
476 1518 647 1560 mirifice
678 1519 907 1572 respondet,
956 1520 1064 1572 quod
1100 1520 1305 1562 Ovidiana
1336 1521 1524 1562 Phaedra
1555 1520 1656 1562 scri-

123 1585 184 1627 bit
214 1598 251 1627 v.
286 1586 387 1627 154:
436 1581 561 1639 ‘quid
605 1585 756 1636 deceat,
804 1598 883 1627 non
919 1586 1027 1628 videt
1070 1587 1179 1628 ullus
1220 1599 1364 1629 amans
1409 1611 1457 1617 —
1506 1588 1557 1629 da
1589 1601 1657 1629 ve-

124 1652 236 1693 niam
276 1652 422 1703 fassae,
467 1652 650 1706 duraque
690 1653 814 1694 corda
855 1648 1030 1696 doma!'
1079 1653 1134 1706 (v.
1176 1654 1287 1697 156).
1348 1655 1481 1697 Simul
1516 1656 1654 1696 autem

123 1732 385 1773 recognosces
435 1719 557 1761 illud:
604 1720 815 1762 ‘miserere
859 1714 1084 1770 amantis'‚
1132 1735 1211 1775 quo
1252 1722 1427 1765 Senecae
1467 1723 1656 1764 Phaedra

123 1790 164 1829 et
199 1787 342 1840 Byblis
384 1787 588 1829 flebilibus
630 1788 816 1840 precibus
855 1788 938 1830 suis
984 1788 1105 1829 finem
1150 1789 1368 1842 imponunt
1413 1789 1518 1842 (Sen.
1555 1790 1655 1842 6713

124 1854 197 1896 Ov.
233 1854 329 1896 Met.
363 1854 436 1907 IX,
467 1855 591 1906 561),
642 1854 789 1907 quibus
835 1855 986 1897 iterum
1029 1856 1239 1898 subtexere
1283 1857 1413 1906 iuvat,
1461 1857 1569 1910 quod
1608 1856 1657 1898 de

124 1921 294 1975 Byblide
315 1921 569 1963 narrabant:
602 1918 866 1974 ἐρασθεῖσαν
890 1923 965 1963 τοῑ
984 1918 1158 1963 Καύνου
1190 1919 1344 1977 λόγους
1373 1918 1490 1978 αὐτῷ
1523 1938 1656 1977 προς-

123 1987 272 2044 φέρειν
316 1988 385 2029 καὶ
429 1989 648 2030 δεῖσθαι
684 1985 750 2043 μή
794 1989 1059 2043 περιιδεῖν
1101 1984 1266 2044 αὖτῆν
1303 1988 1365 2040 εἷς
1402 1991 1493 2032 πᾶν
1524 1988 1656 2032 κακόν

123 2055 434 2109 προελθοῦσαν
465 2055 678 2106 (Parthen.
711 2057 738 2098 l.
770 2057 829 2108 l.).
890 2057 1036 2099 Nonne
1083 2070 1171 2099 meo
1217 2058 1305 2099 iure
1352 2059 1395 2099 in
1439 2058 1502 2099 his
1533 2060 1655 2100 antea

124 2122 179 2176 (p.
212 2122 282 2176 64)
313 2123 532 2176 epistulam
581 2124 813 2177 suspicatus
857 2124 1011 2166 eram?
1051 2149 1101 2153 —
1133 2126 1223 2167 Iam
1266 2125 1397 2179 igitur
1441 2138 1533 2167 cum
1580 2126 1655 2167 hoc

123 2202 320 2231 consensu
352 2190 455 2231 illud
487 2190 686 2232 iudicium
719 2191 964 2243 illustretur,
1012 2192 1120 2245 quod
1157 2193 1307 2234 Rohdii
1345 2193 1450 2234 libro
1495 2193 1655 2234 abunde

122 2256 370 2310 explicatum
397 2259 470 2310 est,
514 2258 750 2300 fabularum
782 2260 1086 2301 romanensium
1118 2260 1336 2312 scriptores
1367 2261 1409 2301 in
1441 2261 1504 2301 his
1534 2260 1653 2301 rebus

121 2324 231 2365 totos
261 2324 312 2365 ab
341 2324 632 2366 Alexandrinis
662 2325 846 2378 pendere,
890 2339 994 2368 novo
1026 2328 1270 2380 argumento
1309 2326 1521 2379 colligitur
1558 2325 1657 2367 Ovi-

257 2469 267 2488 ¹
295 2468 517 2503 Plutarchus
556 2470 602 2505 de
635 2470 804 2506 Phaedra
849 2475 979 2506 narrat
1016 2472 1055 2516 (l.
1082 2473 1138 2516 1.);
1182 2470 1256 2515 ἥτις
1286 2472 1348 2506 τοῦ
1386 2469 1572 2518 προγόνου
1606 2473 1655 2509 εἰς

121 2527 325 2572 ἐπιθυμίαν
349 2528 570 2572 ἐμπεσοῦσα
596 2527 660 2570 τὴν
684 2526 826 2575 τράφον
852 2530 1036 2576 ἔπεμψεν.

253 2586 267 2606 ‘²
296 2585 443 2620 Tritum
480 2586 573 2621 illud
610 2587 695 2622 inde
735 2588 781 2622 ab
821 2589 951 2623 audaci
987 2589 1176 2624 Phaedrae
1212 2590 1250 2624 in
1283 2590 1416 2624 Velato
1445 2589 1649 2634 Hippolyto

121 2643 221 2678 dicto
246 2643 319 2689 frg.
345 2646 414 2678 436
443 2644 504 2689 (cf.
532 2645 602 2690 frg.
630 2646 733 2691 433):

387 2704 501 2748 ἔγωγε
529 2707 627 2750 φημὶ
654 2708 713 2738 καὶ
740 2702 858 2749 νόμον
881 2717 922 2750 γε
948 2705 1000 2752 μὴ
1027 2710 1150 2750 σέβειν

387 2762 426 2796 ἐν
450 2766 541 2796 τοῖσι
571 2763 701 2801 δεινοῖς
724 2764 798 2798 τῶν
823 2761 1082 2808 ἀναγκαίων
1107 2767 1233 2800 πλέον.

123 2818 189 2853 Cui
222 2819 381 2854 incestas
415 2821 556 2864 puellas
583 2822 920 2856 Alexandrinorum
957 2824 1183 2858 carminibus
1216 2825 1419 2859 celebratas
1454 2825 1499 2858 ad
1538 2837 1648 2858 unam

123 2889 249 2911 omnes
274 2878 442 2922 plausum
469 2880 599 2914 tulisse
624 2881 760 2923 passim
786 2881 1049 2916 demonstravi.
