1912 3310
1061 199 1106 233 66

317 310 489 360 τέκνον;
519 308 561 350 τί
588 308 634 351 δὲ
663 310 875 351 τοσοῦτον
903 304 1143 366 ἧπόρησαι;
1173 305 1311 364 γράφε
1334 308 1403 350 καὶ
1425 305 1598 363 θάρρει,
1630 310 1699 352 καὶ
1720 309 1845 363 δέχου

317 392 371 430 με
416 377 468 434 τῇ
509 375 631 432 χρείᾳ
675 371 906 419 διάκονον).
983 376 1145 417 Πείθει
1191 371 1266 432 τήν
1309 374 1499 429 Φαίδραν
1542 375 1733 419 εἰποῦσα
1776 378 1847 419 καὶ

319 439 492 495 οἴχεται.
551 444 663 496 Quae
701 444 839 485 omnia
883 444 916 485 si
955 444 1005 485 ad
1041 443 1236 496 imaginis
1276 443 1493 485 veritatem
1532 457 1722 487 revocare
1758 445 1847 486 stu-

317 511 467 564 dueris,
501 524 665 564 operam
695 512 734 552 et
766 511 899 552 oleum
933 511 1086 563 perdes,
1119 523 1210 551 cum
1234 510 1479 562 sophisticae
1500 510 1602 551 artis
1624 511 1847 564 pigmentis

318 578 498 631 undique
528 578 588 619 ita
621 577 748 619 oblita
782 577 876 627 sint,
921 578 968 618 ut
999 577 1065 618 vix
1093 577 1282 631 cognosci
1314 577 1454 630 possit,
1493 576 1590 630 quid
1620 577 1761 620 lateat.
1795 603 1844 607 —-

313 645 458 686 Altera
497 657 644 686 scaena
683 644 955 697 Hippolytum
1018 644 1209 695 ostendit,
1243 644 1308 685 cui
1345 643 1484 685 nutrix
1514 644 1622 685 inter
1653 645 1848 686 venatum

316 712 534 765 epistulam
564 711 721 759 reddit;
763 711 833 752 ille
863 712 1000 752 autem
1031 712 1205 753 tabellas
1243 711 1408 764 proicit:
1455 709 1608 766 ἀφίησι
1647 710 1725 764 μὲν
1762 714 1849 753 τῶν

315 779 471 830 χειρῶν
501 777 571 819 καὶ
598 774 887 830 βδελύττεται,
918 777 987 819 καὶ
1017 781 1154 819 κεῖται
1178 779 1250 820 νῦν
1270 775 1476 832 κατεαγός
1503 779 1653 830 (Boiss.
1677 793 1715 833 p.
1737 780 1848 832 165).

317 845 489 887 Ovidius
520 846 696 887 similem
731 859 920 888 scaenam
951 846 1137 887 illustrat
1167 846 1216 887 de
1238 845 1378 888 Cauno
1409 859 1580 888 narrans
1611 859 1648 887 v.
1672 847 1752 888 575
1769 859 1848 900 sq.:

454 913 603 966 proicit
633 914 821 966 acceptas
851 914 958 954 lecta
987 913 1065 954 sibi
1097 913 1212 966 parte
1242 913 1417 954 tabellas

451 980 600 1032 vixque
631 992 777 1021 manus
808 979 990 1021 retinens
1018 979 1265 1032 trepidantis
1298 979 1348 1021 ab
1381 991 1448 1020 ore
1479 979 1658 1021 ministri

449 1045 572 1088 ‘dum
602 1046 710 1096 licet,
743 1059 764 1088 o
796 1047 950 1088 vetitae
984 1046 1179 1087 scelerate
1209 1045 1392 1087 libidinis
1423 1047 1579 1097 auctor,

453 1107 627 1167 effugel’
658 1114 736 1155 ait:
763 1112 868 1167 ‘qui,
902 1114 935 1154 si
964 1114 1151 1154 nostrum
1184 1114 1257 1154 tua
1294 1114 1380 1155 fata
1412 1114 1607 1166 pudorem

454 1193 531 1222 non
566 1181 776 1222 traherent
808 1193 957 1231 secum,
995 1193 1144 1233 poenas
1175 1180 1276 1221 mihi
1309 1182 1440 1222 morte
1471 1175 1706 1223 dedisses1'.

320 1248 436 1301 Quod
479 1247 644 1290 Caunus
682 1248 878 1298 minatur,
927 1248 1101 1288 rhetoris
1138 1247 1390 1301 Hippolytus
1429 1261 1554 1300 paene
1600 1248 1651 1290 ad
1695 1248 1849 1290 exitum

319 1315 503 1366 adducit,
551 1328 642 1356 cum
690 1315 832 1357 comiti
878 1315 1079 1356 nutricem
1125 1315 1279 1367 tradat,
1326 1315 1390 1355 cui
1431 1315 1592 1357 clavam
1631 1316 1850 1370 impingat.

318 1383 394 1424 Ille
424 1383 562 1425 autem
583 1383 754 1424 mirifice
778 1382 1018 1432 delectatus,
1051 1382 1149 1435 quia
1179 1378 1257 1437 τῂν
1286 1375 1521 1423 ἀκολασίαν
1550 1384 1682 1435 μισεῖ,
1714 1383 1850 1425 lenam

318 1451 554 1492 verberibus
585 1450 699 1492 foede
738 1451 906 1492 mulcat.
968 1450 1080 1491 Num
1110 1450 1236 1491 talem
1270 1450 1559 1504 virgidemiam
1590 1450 1738 1504 pictori
1771 1450 1850 1491 im-

317 1518 511 1570 putabis?
572 1517 791 1570 Ecplnasis
837 1518 974 1558 autem
1017 1518 1077 1558 ita
1123 1517 1282 1571 incipit,
1329 1518 1447 1571 quasi
1488 1519 1633 1559 auctor
1655 1510 1851 1570 ’Ἑρωτος

318 1580 528 1638 ἐγκώμιον
558 1584 785 1637 scripturus
818 1584 960 1626 fuerit:
983 1576 1123 1637 ’Έριος
1154 1583 1200 1625 δὲ
1232 1583 1299 1624 καὶ
1322 1576 1515 1637 ’Ἑρωτος
1536 1581 1588 1624 τὰ
1610 1581 1850 1637 τοξεύματα

318 1647 494 1700 πάντως
524 1650 659 1707 φοιτᾷ
688 1649 755 1691 καὶ
787 1647 856 1691 διὰ
886 1647 1062 1691 πάντων
1092 1649 1316 1703 διέρχεται,
1348 1650 1417 1691 καὶ
1446 1644 1575 1692 0ὖόὲῖ
1596 1647 1706 1701 Ζεὺς
1729 1647 1849 1693 ἐλεύ-

319 1721 467 1770 θερος,
501 1714 603 1759 ὅταν
635 1716 848 1759 ἐθέλωσιν
869 1711 1060 1771 ’Έρωτες
1090 1718 1177 1760 κτλ.
1224 1719 1374 1760 Latent
1395 1711 1603 1771 Euripidis
1625 1719 1854 1760 sententiae

319 1786 413 1839 Hip.
444 1786 524 1827 447
556 1799 615 1839 sq.
652 1787 758 1827 1268
779 1799 850 1839 sq.
885 1785 963 1838 frg.
996 1787 1090 1839 434,
1125 1786 1195 1839 qui
1227 1786 1352 1827 etiam
1382 1786 1425 1826 in
1457 1798 1501 1827 eo
1533 1785 1852 1838 recognoscitur,

320 1853 427 1906 quod
460 1853 670 1895 Phaedrae
702 1865 847 1906 corpus
880 1854 1052 1894 vocatur
1083 1853 1209 1905 σῶμα
1239 1851 1539 1906 στηριγμάτων
1571 1849 1855 1905 ἓπιὸεόμενον

319 1921 468 1972 (Boiss.
500 1934 536 1973 p.
572 1921 672 1970 1623
705 1920 755 1961 cf.
788 1920 885 1961 Eur.
917 1920 1013 1972 Hip.
1047 1920 1124 1961 198
1155 1920 1232 1973 sq.)
1279 1920 1321 1961 et
1358 1925 1496 1976 πῆχυς
1526 1916 1671 1961 πάθει
1702 1919 1854 1972 λυόμε-

319 2003 403 2037 νος.
448 1988 557 2030 Nam
590 1987 811 2040 Euripidea
833 1987 1022 2029 Phaedra
1053 1987 1309 2028 lamentatur
1340 1988 1366 2029 l.
1399 1987 1447 2029 l.:
1477 1985 1654 2040 λέλυμαι
1684 1986 1851 2040 μελέων

318 2050 546 2107 σύνδεσμα.
594 2078 645 2083 -—
692 2054 877 2107 Denique
916 2053 1022 2096 addo
1062 2054 1157 2095 hoc:
1221 2053 1409 2096 Phaedra
1455 2054 1629 2095 rhetoris
1675 2054 1854 2107 concipit

318 2121 458 2175 ignem
494 2121 676 2175 privigni
722 2121 945 2173 imaginem
994 2121 1177 2170 intuens,
1229 2134 1323 2162 nam
1374 2121 1502 2162 Amor
1545 2119 1733 2161 δείκνυσι
1777 2136 1854 2174 με-

318 2187 483 2241 τέωρον
515 2187 558 2228 ἐν
586 2183 808 2240 χρώμασιν
838 2183 917 2228 τόν
944 2183 1204 2227 Ἱππόλυτον
1237 2212 1290 2216 -
1332 2188 1482 2228 mirum
1521 2188 1610 2241 hoc,
1658 2188 1852 2241 quoniam

321 2256 364 2296 in
396 2255 537 2297 eadem
567 2255 762 2307 imaginis
795 2268 889 2297 area
920 2254 1095 2308 epistula
1135 2255 1349 2296 scribenda
1387 2255 1586 2308 occupata
1624 2267 1708 2296 esse
1741 2255 1854 2296 vide-

457 2403 468 2422 ¹
495 2402 638 2436 Similia
675 2401 831 2436 fortasse
867 2400 1090 2445 Hippolytus
1118 2400 1269 2435 Velatus
1306 2400 1476 2444 protulit,
1516 2400 1580 2434 ubi
1619 2400 1652 2434 ei
1684 2400 1854 2434 Phaedra

321 2461 525 2505 supplicem
565 2472 601 2494 se
639 2460 807 2504 proiecit.
858 2459 951 2493 Nam
992 2459 1083 2493 talia
1122 2459 1257 2503 pudico
1296 2459 1420 2492 iuveni
1458 2459 1574 2503 magis
1613 2459 1851 2503 conveniunt,

321 2531 431 2563 quam
461 2520 594 2563 quibus
629 2518 787 2553 Senecae
817 2519 1042 2563 Hippolytus
1075 2521 1233 2552 matrem
1275 2518 1443 2562 increpat
1482 2530 1515 2552 v.
1543 2519 1628 2552 713:
1669 2516 1854 2561 ‘abscede,

320 2579 405 2613 vive
438 2591 481 2613 ne
516 2579 604 2623 quid
637 2576 795 2613 exores’.
836 2598 879 2602 —
921 2578 1091 2612 Ceterum
1122 2577 1386 2613 conferendum
1412 2577 1597 2622 Agathiae
1625 2576 1854 2621 epigramma

321 2640 369 2674 εἰς
394 2634 606 2671 Ἱππόλυτον
625 2634 891 2683 διαλεγόλιιειόν
915 2638 955 2684 τῇ
980 2637 1097 2683 τροφῇ
1123 2637 1183 2679 τῆς
1208 2636 1372 2681 Φαίδρας
1399 2636 1526 2680 (Anth.
1547 2635 1623 2670 Pal.
1651 2634 1734 2669 XVI
1755 2636 1852 2680 App.

321 2695 424 2730 Plan.
454 2697 552 2741 109):

518 2751 729 2792 Ἱππόλυτος
754 2755 816 2797 τῆς
839 2754 950 2799 γρηὸς
975 2755 1032 2788 ἐπ’
1062 2750 1161 2788 οὔατι
1191 2756 1298 2797 νηλέα
1324 2754 1449 2800 μῦθον

587 2817 807 2859 φθέγγεται·
834 2812 910 2846 ἀλλ’
938 2812 1042 2859 ἡμεῖς
1067 2811 1107 2847 οὐ
1134 2810 1352 2858 δυνάμεσθα
1377 2809 1495 2846 κλίνειν
1525 2813 1598 2845 κτλ.

456 2872 469 2892 2
495 2870 555 2906 Sic
580 2871 695 2905 Boiss.
726 2891 765 2897 -
794 2871 882 2906 Cod.
909 2867 1000 2906 οὔτε.
