1912 3310
971 179 1039 211 104

237 296 411 337 tentiam
455 308 587 336 meam
632 295 794 348 egregie
835 294 1070 336 adiuvant?
1128 293 1338 334 Nimirum
1370 293 1412 333 in
1442 292 1526 333 illis
1557 292 1605 334 de
1634 293 1763 333 Phae-

236 363 310 404 dra
335 362 465 403 amori
497 362 718 403 obsistente
750 362 853 402 nihil
883 373 1048 414 prorsus
1079 360 1252 413 legitur3
1297 359 1512 413 tragoedia
1543 359 1678 412 potius
1707 358 1766 399 le-

237 430 349 470 viora
381 429 621 470 ornamenta
653 429 797 470 mutua
828 428 943 469 dedit
958 431 980 468 ¹.

367 496 423 536 Iis
454 495 639 548 denique,
672 495 741 548 qui
775 495 823 535 de
855 495 946 535 aliis
975 494 1125 535 fabulis
1156 494 1354 547 cogitent,
1393 493 1436 534 in
1467 493 1614 546 quibus
1645 491 1766 532 Euri-

234 561 346 615 pides
377 561 529 602 amoris
557 561 703 602 leniter
734 561 951 602 crescentis
984 561 1023 602 et
1054 561 1182 602 animi
1217 560 1433 601 renitentis
1464 572 1511 601 ac
1537 559 1690 599 frustra
1713 558 1765 599 ad

235 629 435 670 rationem
468 641 509 668 se
540 628 770 668 revocantis
802 628 1031 680 exemplum
1064 640 1286 681 proponere
1308 627 1500 680 potuerit,
1532 626 1589 667 sic
1609 623 1766 666 occurri

233 696 349 736 licet:
388 695 516 735 videri
548 695 710 747 poetam
750 695 791 735 in
829 695 961 735 tribus
1004 695 1207 736 similibus
1237 694 1414 735 fabulis2
1453 706 1514 734 res
1554 692 1689 746 potius
1722 703 1766 732 ex

235 762 385 803 illicita
417 761 588 802 libidine
618 761 908 808 redundantes,
952 762 1156 803 actionem
1188 761 1351 814 longius
1382 760 1632 813 provectam,
1677 769 1768 810 per-

235 841 354 870 sonas
386 829 469 869 iam
503 828 610 869 circa
642 828 775 880 ipsum
808 829 959 869 amoris
992 829 1196 880 eventum,
1240 829 1286 868 ut
1317 828 1376 868 ita
1408 827 1555 875 dicam,
1588 837 1768 866 commo-

235 896 371 937 rantes
415 895 682 948 proposuisse.
746 895 856 937 Haec
897 895 1117 944 conclusio,
1167 907 1271 947 quae
1304 894 1346 934 in
1380 893 1633 935 Stheneboea
1664 891 1768 932 nulli

233 962 485 1004 dubitationi
518 962 691 1003 obnoxia
724 963 822 1013 est-³,
870 962 967 1004 licet
1001 962 1188 1003 Welcker
1227 961 1271 1012 (l.
1304 961 1331 1001 l.
1364 973 1400 1013 p.
1434 960 1530 1010 780)
1562 959 1767 1000 nutricem

238 1030 543 1082 Bellerophonti
590 1042 681 1070 erae
725 1042 904 1070 amorem
936 1041 983 1070 ac
1014 1029 1273 1078 desiderium,
1315 1040 1393 1080 quo
1429 1027 1639 1068 absentem
1672 1039 1767 1068 con-

234 1096 468 1148 cupivisset,
518 1095 666 1136 vividis
699 1096 904 1137 coloribus
935 1096 1195 1148 descripsisse
1236 1094 1503 1147 probabiliter
1535 1093 1764 1143 coniecerit,

237 1176 330 1204 vero
363 1163 510 1204 saltem
542 1162 725 1215 proxima
757 1164 817 1204 est
844 1163 886 1203 in
917 1162 1120 1203 Phoenice
1153 1162 1220 1210 (cf.
1252 1161 1442 1203 Welcker
1473 1161 1497 1201 l.
1527 1161 1554 1201 l.
1586 1173 1624 1213 p.
1656 1160 1769 1212 805).

236 1231 314 1272 Uni
348 1230 475 1272 Aeolo
520 1231 596 1271 hoc
642 1230 730 1270 loco
777 1229 1011 1271 accuratius
1043 1229 1338 1270 examinandae
1370 1227 1592 1281 paullisper
1622 1239 1768 1269 vacare

235 1298 406 1351 oportet,
450 1310 529 1338 non
576 1296 675 1350 quin
708 1296 897 1337 Welcker
940 1296 983 1345 (l.
1018 1296 1043 1336 l.
1076 1309 1113 1349 p.
1147 1296 1245 1345 861)
1293 1294 1487 1336 Grauerti
1535 1294 1767 1347 opinionem

234 1365 419 1406 fabulam
451 1364 707 1417 auspicatam
740 1376 824 1404 esse
855 1376 878 1404 a
911 1363 1069 1405 Canace
1101 1375 1239 1404 coram
1273 1362 1432 1403 nutrice
1461 1374 1641 1403 amorem
1673 1374 1768 1403 con-

234 1432 375 1473 fitente
420 1432 668 1483 redarguens
707 1431 823 1472 unice
861 1432 967 1471 recte
1006 1430 1226 1471 affirmarit
1265 1431 1371 1471 circa
1411 1430 1546 1482 ipsum
1582 1428 1768 1482 pariendi

235 1501 395 1552 tempus
428 1499 630 1540 actionem
662 1498 827 1548 versari,
868 1498 935 1539 sed
969 1498 1065 1551 quia
1098 1498 1313 1539 Macareus
1343 1497 1536 1538 inductus
1568 1497 1627 1538 est
1658 1495 1767 1549 patri

234 1566 475 1620 persuadere
506 1566 687 1619 studens,
730 1567 776 1606 ut
815 1566 920 1607 filias
962 1566 1002 1606 et
1046 1565 1152 1606 filios
1198 1565 1370 1606 conubio
1412 1564 1613 1617 iungeret,
1658 1563 1767 1616 quod

236 1633 456 1687 Dionysius
494 1634 671 1674 testatur
710 1632 848 1684 (Rhet.
879 1633 952 1682 IX,
989 1633 1073 1684 ll):
1121 1630 1163 1672 ἐν
1193 1633 1253 1686 τῷ
1284 1628 1440 1686 Αἰόλῳ
1473 1630 1495 1672 ὁ
1527 1626 1767 1683 ΖΙΙακαρεύς

234 1700 348 1742 ἐστιν
379 1696 587 1756 ὁμιλήσας
617 1701 668 1756 τῇ
698 1693 864 1756 εἷ’ὂελφῇ
894 1699 965 1740 καὶ
995 1696 1224 1739 λανθάνων
1258 1699 1327 1739 καὶ
1364 1698 1671 1752 συμβουλεύων
1706 1700 1767 1754 τῷ

370 1802 381 1821 ¹
410 1801 460 1836 Ut
488 1801 595 1845 plene
623 1801 671 1834 sit
700 1801 958 1844 cumulateque
984 1800 1150 1844 perfecta
1177 1801 1356 1844 quaestio,
1382 1801 1490 1835 huius
1509 1801 1580 1835 loci
1598 1804 1653 1835 est
1671 1812 1768 1835 com·

235 1872 440 1895 memorare
466 1860 627 1903 reliquas
655 1863 830 1905 cognatas
858 1860 1002 1894 fabulas
1030 1860 1186 1894 incestas
1226 1860 1373 1894 exiliter
1412 1864 1448 1895 et
1487 1860 1647 1904 carptim
1683 1872 1766 1894 nar-

234 1922 350 1954 ratas:
392 1920 591 1953 Demodice
619 1919 767 1953 Crethei
793 1931 887 1953 uxor
913 1920 1092 1953 Phrixum
1120 1919 1281 1963 deperiit
1307 1919 1459 1964 (Hygin.
1486 1919 1588 1953 Poet.
1616 1921 1767 1954 Astron.

235 1978 376 2022 11‚20),
410 1978 585 2012 Pallenen
623 1981 730 2022 pater
772 1978 862 2012 arsit
904 1978 1037 2022 (Noun.
1066 1978 1215 2022 Dionys.
1250 1978 1417 2022 XLVIII,
1455 1979 1499 2012 93
1526 1979 1608 2022 sq.)‚
1645 1978 1767 2012 Mene-

233 2038 354 2082 phron
390 2049 474 2071 cum
511 2040 630 2071 matre
657 2037 856 2071 concubuit
884 2037 962 2082 (Ov.
988 2037 1075 2071 Met.
1103 2037 1184 2081 VII,
1212 2037 1316 2082 386);
1356 2041 1519 2072 ceterum
1557 2037 1601 2072 cf.
1630 2037 1764 2082 Hygin.

234 2096 258 2130 f.
287 2098 366 2130 253.
412 2116 453 2120 ——
496 2096 537 2129 ln
565 2096 766 2140 Pasiphaes
803 2096 1015 2130 foedissima
1050 2097 1243 2140 voluptate
1270 2097 1349 2140 ipsa
1383 2096 1626 2141 repugnantis
1653 2099 1766 2130 mate-

235 2156 312 2190 riae
338 2158 473 2189 natura
500 2155 688 2189 obstitisse
715 2156 876 2199 videtur,
917 2155 1111 2199 quominus
1152 2156 1385 2189 resistentem
1424 2155 1599 2189 feminam
1632 2155 1767 2189 descri-

235 2216 385 2259 be1²cnt3
415 2214 459 2249 cf.
489 2214 554 2248 Ov.
581 2216 663 2248 Art.
694 2215 772 2248 Am.
803 2215 830 2257 I,
860 2215 927 2248 289
956 2226 1007 2258 sq.
1048 2215 1166 2248 Nonn.
1195 2215 1345 2258 Dionys.
1372 2213 1520 2253 XLVII,
1548 2215 1616 2248 396
1642 2226 1694 2257 sq.

370 2274 383 2293 2
409 2274 582 2316 Fabulas,
609 2274 646 2307 in
674 2274 805 2317 quibus
833 2274 1021 2318 legitimus
1040 2275 1156 2307 Amor
1184 2273 1299 2307 iustos
1325 2273 1533 2317 triumphos
1553 2272 1643 2318 agit,
1670 2272 1769 2306 hunc

235 2333 356 2366 locum
380 2345 455 2367 non
481 2337 634 2377 tangere
661 2332 760 2366 haud
789 2333 900 2377 longa
927 2332 1175 2376 explicatione
1201 2335 1295 2377 eget.
1325 2328 1488 2374 Quarum
1506 2331 1768 2366 celeberrimae

234 2391 498 2425 Andromacha
525 2394 561 2425 et
588 2391 716 2436 Dictys
744 2391 855 2425 fuisse
885 2391 1072 2434 videntur,
1099 2391 1136 2424 in
1163 2403 1234 2434 qua
1261 2391 1434 2435 voluptas
1461 2402 1585 2425 sensus
1611 2393 1647 2424 et
1665 2401 1768 2424 amor

234 2450 398 2484 animum
431 2462 650 2494 permovens
683 2450 845 2494 primum
872 2451 910 2484 in
936 2450 1245 2494 disceptationem
1287 2461 1307 2484 a
1333 2450 1488 2484 Platone
1525 2452 1654 2493 postea
1686 2461 1766 2483 san-

235 2509 345 2542 citam
385 2512 565 2543 vocantur
612 2509 672 2553 (cf.
707 2509 767 2553 frg
812 2510 891 2542 342.
930 2508 1071 2543 Colster
1114 2509 1233 2543 Diatr.
1270 2509 1308 2542 in
1346 2509 1475 2553 Eurip.
1510 2508 1767 2553 philosophiae

234 2567 368 2610 locum,
404 2568 466 2610 qui
494 2571 548 2601 est
574 2568 607 2602 d.
636 2568 779 2612 amors).
810 2587 854 2592 —
885 2568 925 2601 ln
954 2568 1123 2602 Cretibus
1151 2571 1274 2602 autem
1301 2567 1502 2612 Pasiphaes
1528 2570 1699 2611 stuprum
1726 2569 1768 2600 ut

235 2625 374 2659 dudum
402 2629 654 2671 antegressum
680 2626 838 2661 fortasse
873 2627 910 2660 in
937 2627 1093 2672 prologo
1127 2630 1455 2661 commemoratum
1487 2629 1542 2660 est
1581 2625 1639 2668 (cf.
1669 2625 1767 2659 Jahn

234 2683 343 2718 Arch.
374 2684 488 2718 Beitr.
516 2696 550 2728 p.
578 2685 675 2729 238).

368 2743 381 2762 ³
407 2743 504 2776 Illud
543 2744 691 2787 quidem
730 2744 1002 2778 Stheneboeae:
1051 2740 1335 2789 νουθετούμενος
1374 2743 1407 2777 (5’
1444 2740 1557 2788 ’Έρως
1585 2743 1590 2786 Ι
1623 2743 1764 2788 μᾶλλον

234 2803 341 2840 πιέζει
359 2801 442 2846 (frg.
458 2802 542 2846 663)
557 2802 830 2837 Alexandrinae
846 2802 973 2837 Musae
1001 2803 1107 2837 valde
1135 2803 1307 2837 adrisisse
1332 2803 1462 2837 Rohde
1489 2802 1652 2837 ostendit
1678 2802 1719 2845 (l.
1741 2802 1766 2835 l.

235 2872 269 2904 p.
303 2861 368 2894 148
393 2860 502 2904 adn.).
