1912 3310
0 3103 46 3310 Wffif*
2 3032 7 3039 .

822 165 916 207 45'

77 289 122 331 in
151 289 286 343 priore
315 287 472 330 fabula.
533 288 580 329 In
620 300 701 341 qua
732 287 970 340 quaestione
1001 286 1127 326 miror
1157 285 1444 339 Aristophanis
1478 285 1606 328 cavil-

78 356 254 399 lationes
283 355 335 396 ab
366 355 554 396 omnibus
586 355 795 407 neglectas
834 366 930 394 esse.
990 352 1064 394 Ille
1095 352 1200 393 enim
1234 353 1382 394 acriter
1413 354 1453 393 in
1486 353 1606 394 Euri—

49 422 186 477 ¹pidis
224 421 430 463 Phaedras
474 421 637 472 πόρνας
680 421 866 462 invectus
903 419 1025 473 (Rau.
1062 419 1213 469 1043)¹
1252 419 1496 472 Aeschylum
1536 419 1606 460 de-

80 488 313 531 fendentem
342 487 572 528 introducit
603 487 820 540 antiquum
851 487 890 527 et
921 487 1078 527 castum
1113 485 1316 526 scribendi
1337 498 1489 526 morem
1512 498 1606 526 con-

79 557 147 597 tra
177 554 428 607 Euripidem,
474 553 545 606 qui
583 554 772 606 stuprum
808 552 889 593 fere
920 553 1053 605 ipsum
1091 552 1133 593 in
1171 564 1359 593 scaenam
1402 551 1606 604 produxit,

80 623 144 664 his
177 622 311 664 verbis
341 622 446 662 Rau.
480 622 607 662 1053:
657 613 745 660 ἀλλ’
779 614 1082 670 ἀποκρύπτειν
1111 616 1188 675 χρὴ
1222 616 1268 659 τὸ
1301 616 1492 672 πονηρὸν
1536 614 1608 659 τόν

81 704 126 744 γε
148 688 342 743 ποιῇ-ην.
403 687 540 740 Quid?
582 686 624 729 Si
655 686 874 739 Sophocles
895 699 1054 739 quoque
1075 686 1305 727 Phaedram
1337 698 1453 727 suam
1485 686 1608 738 pesti-

80 756 166 798 fera
193 755 364 797 libidine
394 753 614 796 manifesto
644 754 806 806 raptam
838 754 880 793 in
915 765 1103 793 scaenam
1134 752 1372 804 induxisset,
1404 765 1502 792 num
1520 751 1608 792 fieri

81 823 171 864 tum
217 821 382 863 omnino
423 821 571 874 potuit,
619 821 665 861 ut
707 819 886 861 comicus
917 819 978 860 his
1019 819 1213 860 conviciis
1245 818 1482 871 Euripidem
1512 830 1608 859 con-

81 889 336 932 sectaretur?
395 888 541 941 Itaque
586 886 694 940 quod
733 887 857 928 Lehrs
896 886 994 927 olim
1035 885 1246 927 contendit
1290 885 1452 938 Ἰ0130001.
1490 884 1607 925 Aufs.

83 967 121 1008 p.
146 955 237 1005 18):
267 955 301 996 si
332 967 402 996 eae
428 954 640 1007 Sophoclis
671 953 835 995 fabulae
864 953 1049 994 servatae
1081 953 1225 1004 essent,
1258 952 1299 992 in
1323 952 1468 1004 quibus
1490 952 1608 1004 poeta

83 1021 282 1065 Helenam
313 1021 356 1063 in
386 1034 577 1083 scaenam
598 1019 876 1062 deducendam
900 1020 978 1061 sibi
1000 1018 1223 1072 proposuit,
1255 1018 1351 1069 fore,
1381 1020 1428 1058 ut
1449 1019 1609 1059 castum

81 1089 123 1131 et
150 1089 344 1142 pudicum
375 1089 582 1131 tractandi
613 1101 767 1130 morem
799 1088 1112 1133 admiraremur,
1144 1086 1185 1127 id
1217 1099 1345 1139 aequo
1376 1085 1526 1126 iudicio
1558 1085 1610 1126 ad

83 1156 315 1197 Phaedram
344 1156 619 1206 tmducemus,
658 1155 899 1209 praesertim
932 1167 1024 1195 cum
1053 1155 1136 1195 eius
1167 1153 1425 1194 moderantia
1457 1165 1501 1193 ex
1531 1151 1610 1204 frg.

84 1224 167 1265 614
195 1223 274 1277 ipsi
303 1224 515 1266 Phaedrae
554 1224 640 1264 sine
672 1223 795 1264 dubio
833 1221 1082 1275 assignando
1113 1220 1290 1261 dilucide
1320 1220 1610 1272 cognoscatur:

349 1307 561 1361 σύγγνωτε
592 1306 863 1358 κᾶνοὶσχεσῧε
899 1306 1100 1359 σιγῶσαι·
1130 1300 1180 1344 τὸ
1210 1300 1286 1357 γὰρ

348 1373 535 1429 γυναιξὶν
564 1371 739 1426 αἰσχρῶν
769 1363 814 1413 εὖ
846 1373 1050 1426 γυναῖκα2
1084 1370 1151 1412 δεῖ
1179 1369 1353 1423 στέγειν.

86 1458 230 1501 Nonne
273 1457 485 1511 Sophoclis
522 1457 709 1498 Phaedra
750 1457 826 1497 hoc
869 1456 976 1504 loco,
1031 1467 1110 1508 quo
1150 1467 1242 1495 cum
1286 1453 1405 1494 choro
1445 1452 1609 1493 foedum

83 1538 265 1570 amorem
301 1525 624 1567 communicasse
654 1523 830 1573 videtur,
877 1524 923 1563 ut
953 1522 1152 1575 posterior
1184 1520 1372 1561 Phaedra
1403 1519 1610 1572 Euripidis

86 1607 123 1636 V.
154 1593 236 1634 373
267 1595 366 1646 sq.3,
412 1592 528 1645 quasi
572 1590 834 1633 commendat
879 1591 918 1631 et
955 1590 1149 1643 praestat,
1195 1586 1303 1640 quod
1342 1586 1385 1626 in
1418 1585 1612 1638 Euripide

86 1649 452 1714 Aeschylus‘apud
485 1658 685 1700 comicum
719 1657 952 1699 desiderat?
1014 1657 1149 1708 Atque
1181 1655 1223 1695 ni
1260 1653 1383 1694 fallor
1413 1653 1532 1704 poeta
1563 1651 1612 1692 de

85 1726 291 1768 industria
321 1725 559 1767 suadentem
593 1725 803 1766 heroinam
837 1724 958 1777 fingit
995 1724 1151 1764 castam
1184 1720 1515 1762 taciturnitatem
1545 1730 1613 1770 pe-

85 1794 291 1836 tulantiae
322 1793 584 1842 contrariam,
623 1805 703 1845 qua
735 1792 846 1845 prior
877 1790 1084 1843 Euripidis
1115 1788 1303 1829 Phaedra
1336 1786 1487 1827 crimen
1519 1797 1613 1838 pro-

85 1861 192 1903 fessa
222 1862 311 1902 erat
340 1860 410 1910 (cf.
443 1860 522 1913 frg.
552 1860 674 1911 436);
721 1871 824 1912 quae
865 1858 1067 1911 quantum
1104 1856 1257 1897 afuerit
1297 1854 1348 1895 ab
1391 1851 1613 1894 occulenda

85 1928 221 1969 taetra
251 1927 422 1969 libidine
451 1940 496 1968 ex
527 1939 587 1979 ea,
620 1938 743 1979 quam
777 1923 1033 1976 adumbravi,
1067 1922 1250 1975 imagine
1283 1920 1474 1974 cognosci
1504 1920 1612 1960 licet.

85 1994 234 2048 Itaque
271 1994 379 2048 quod
410 1993 707 2046 Aristophanes
745 1991 905 2044 saepius
940 1989 1148 2042 Euripidis
1179 1988 1409 2030 Phaedram
1449 1987 1614 2039 propter

85 2063 216 2117 ipsam
253 2061 486 2112 materiam,
531 2062 578 2101 ut
609 2060 784 2108 videtur,
826 2057 1119 2099 contumeliose
1149 2055 1319 2096 denotat
1349 2053 1417 2105 (cf.
1451 2054 1612 2094 Thesm.

89 2130 181 2172 153.
203 2127 302 2182 497)
332 2128 452 2182 plane
482 2127 702 2181 neglegens
723 2125 964 2178 Sophoclem
997 2135 1158 2176 quoque
1180 2121 1411 2163 Phaedram
1440 2120 1483 2161 in
1503 2132 1615 2160 scae-

86 2208 184 2239 nam
213 2195 460 2249 produxisse,
491 2195 532 2236 id
563 2193 790 2235 faciliorem
822 2191 1069 2244 explicatum
1100 2188 1279 2241 habebit,
1327 2187 1360 2228 si
1397 2187 1614 2239 sumpseris

225 2377 236 2397 ¹
263 2375 402 2411 Ambas
428 2374 617 2409 Phaedras
643 2373 815 2416 denotat;
841 2383 927 2405 nam
953 2371 1023 2404 hoc
1050 2369 1128 2403 loco
1150 2367 1337 2402 Phaedras
1365 2377 1446 2401 cum
1466 2365 1615 2400 Sthene-

88 2435 191 2471 boeis
216 2425 420 2479 componit]
465 2445 546 2468 cum
573 2431 796 2476 Melanippis
823 2430 968 2464 Thesm.
997 2430 1063 2462 547
1093 2427 1229 2462 addens
1256 2425 1436 2470 singulari
1462 2435 1615 2458 numero

87 2490 308 2537 Πηνελόπην
337 2492 377 2526 δὲ
410 2487 595 2526 οὐπώποτ’
627 2489 782 2532 ἐποίησ’.
833 2489 956 2523 Nihilo
991 2487 1106 2521 secius
1133 2484 1335 2528 Aeschylus
1362 2484 1384 2517 l.
1412 2484 1434 2517 l.
1462 2484 1538 2517 tale
1564 2483 1616 2516 vi-

87 2553 182 2587 tium
215 2551 394 2597 exagitat,
433 2550 532 2595 quod
558 2549 757 2594 Euripides
790 2548 828 2582 in
863 2549 1066 2581 retraetata
1105 2544 1232 2578 fabula
1269 2542 1375 2576 anxie
1414 2541 1617 2584 vitaverat3

87 2623 226 2646 novum
256 2610 295 2645 id
328 2610 599 2649 documentum,
640 2619 749 2651 quam
793 2618 866 2640 non
901 2605 948 2639 ad
980 2605 1104 2638 vivum
1138 2601 1297 2636 resecari
1322 2601 1455 2634 debeat
1486 2599 1618 2634 comici

89 2669 276 2705 dicacitas.

224 2727 237 2747 ⁹
264 2725 377 2760 Codd.
403 2728 468 2759 aut
495 2725 535 2758 ἐν
560 2725 700 2768 γυναικὶ
730 2725 794 2756 aut
813 2719 880 2755 σὺν
897 2723 1057 2765 >mimia
1084 2713 1121 2752 εὖ
1140 2722 1291 2763 γυναῖκα
1311 2717 1459 2761 scripsit
1478 2715 1617 2750 Nauck.

225 2784 238 2806 ⁸
264 2783 350 2818 Alio
376 2794 482 2817 sensu
508 2782 697 2826 Euripidis
723 2780 891 2815 Phaedra
918 2791 951 2813 v.
973 2778 1040 2811 710
1061 2789 1113 2821 sq.
1140 2776 1328 2811 silentium
1354 2778 1528 2820 precatur
1555 2773 1616 2818 (cf-

89 2842 262 2878 Welcker
287 2843 310 2876 l.
338 2842 362 2876 l.
388 2853 425 2886 p.
452 2841 545 2883 398).
