1912 3310
1001 225 1046 258 38

403 335 481 378 Sed
514 335 694 377 Graecae
723 335 962 389 tragoediae
993 347 1074 376 non
1105 335 1259 376 sufficit
1289 335 1434 376 mortis
1465 335 1551 376 sola
1581 335 1795 388 praefatio,

270 403 415 443 nuntio
466 402 515 443 de
556 404 722 455 peracta
776 404 908 443 morte
957 414 1056 454 opus
1107 403 1185 448 est;
1246 414 1370 454 quam
1420 402 1666 443 sententiam
1716 402 1796 444 duo

270 469 515 522 sarcophagi
546 469 707 522 egregie
738 468 993 517 confirmant,
1032 468 1083 509 ad
1115 480 1215 520 quos
1260 467 1412 509 idcirco
1463 468 1537 509 1106
1580 469 1669 510 1060
1701 469 1798 510 dili-

270 537 434 590 gentius
466 536 650 577 animum
682 535 893 576 advertere
925 534 1062 575 debeo.
1134 535 1270 584 Alter,
1317 534 1386 587 qui
1418 534 1590 576 Parisiis
1619 536 1752 577 exstat
1774 537 1798 588 ¹,

269 603 311 643 in
342 602 510 643 sinistra
541 604 581 643 et
610 601 744 642 media
774 602 890 653 parte
918 601 1022 641 nihil
1054 601 1227 650 exhibet,
1262 601 1369 654 quod
1401 614 1424 642 a
1454 601 1664 642 tralaticia
1697 601 1796 642 alio-

270 682 360 710 rum
391 669 738 721 sarcophagorum
769 668 1142 720 repraesentatione
1172 668 1374 717 deflectat,
1402 667 1573 720 ideoque
1594 667 1660 709 hic
1681 680 1798 709 accu-

269 738 361 777 rata
409 735 637 788 figurarum
688 734 959 787 descriptione
1003 734 1254 787 supersedeo.
1315 734 1423 775 Nam
1469 734 1556 775 illic
1599 733 1798 788 Phaedra,

272 802 386 843 cuius
417 802 588 855 genibus
621 803 748 842 Amor
777 814 818 842 se
847 801 1039 854 applicat,
1086 801 1287 854 languida
1316 801 1357 841 in
1388 801 1488 843 sella
1532 802 1702 843 recubat
1748 803 1798 844 ab

271 868 516 910 ancillarum
548 870 664 910 coetu
697 868 979 915 circumdata;
1020 868 1085 909 hic
1116 868 1254 908 nutrix
1285 867 1557 922 Hippolytum
1589 869 1687 917 adit,
1718 881 1798 909 ser-

271 949 346 977 vus
375 936 418 976 in
447 935 631 977 dextram
663 935 925 988 progrediens
958 935 1173 988 Hippolyti
1209 948 1359 988 equum
1390 935 1517 976 ducit.
1569 936 1646 977 Sed
1678 949 1800 989 prope

269 1016 431 1045 servum
476 1004 518 1044 in
563 1004 704 1045 dextra
751 1004 865 1056 parte
912 1016 1029 1044 senex
1075 1004 1272 1044 barbatus
1320 1003 1583 1056 conspicitur,
1629 1003 1800 1044 indutus

270 1071 395 1124 pallio
418 1071 583 1112 sinistro
606 1083 744 1112 umero
776 1072 815 1111 et
846 1071 927 1111 imo
952 1071 1110 1122 corpori
1134 1071 1455 1118 circumvolut03
1480 1071 1663 1111 dextram
1685 1070 1801 1111 effert

269 1140 365 1179 ante
395 1140 535 1191 pectus
563 1138 735 1178 extensis
767 1137 921 1188 digitis,
970 1137 1039 1190 qui
1074 1137 1295 1189 praefracti
1326 1139 1435 1189 sunt,
1481 1137 1604 1178 simul
1635 1150 1675 1178 se
1705 1149 1799 1178 con-

270 1205 430 1245 vertens
461 1204 511 1245 ad
543 1204 758 1254 feminam,
798 1216 889 1245 cum
932 1216 1013 1256 qua
1043 1205 1192 1245 acriter
1223 1205 1392 1257 loquens
1421 1205 1464 1245 in
1495 1204 1680 1245 dextram
1710 1216 1800 1256 pro-

270 1271 470 1324 greditur.
502 1270 582 1311 Illa
603 1271 749 1312 induta
781 1271 842 1311 est
872 1272 1012 1312 tunica
1044 1271 1253 1312 succincta
1284 1271 1325 1311 in
1355 1271 1541 1311 dextrum
1564 1269 1800 1311 bracchium

270 1337 470 1378 defluente
505 1339 544 1379 et
588 1338 756 1390 amictu,
803 1350 923 1391 quem
968 1337 1109 1378 dextra
1154 1337 1328 1390 prendit,
1370 1339 1592 1390 praeterea,
1638 1336 1679 1377 ni
1722 1336 1801 1377 fal-

270 1404 344 1458 lor,
376 1404 521 1458 soleis;
552 1405 683 1446 crines
714 1405 885 1446 reticulo
918 1404 1084 1457 religati
1115 1416 1200 1445 esse
1229 1404 1434 1445 videntur.
1506 1403 1683 1446 Sinistra
1705 1404 1802 1445 ante

271 1473 412 1524 pectus
443 1471 552 1513 elata
583 1472 798 1524 puerulum
831 1473 983 1525 portat,
1015 1472 1084 1524 qui
1115 1470 1301 1512 dext-ram
1333 1470 1384 1512 ad
1415 1470 1590 1512 feminae
1614 1471 1800 1511 mentum

275 1539 463 1592 porrigit,
508 1539 675 1580 sinistra
724 1539 903 1580 fructum
955 1540 1118 1586 tenet²;
1167 1538 1320 1579 femina
1359 1540 1498 1579 autem
1534 1540 1643 1579 retro
1675 1537 1801 1579 vertit

271 1609 395 1658 caput
424 1605 478 1647 ad
508 1618 642 1647 senem
674 1606 797 1648 simul
828 1606 1105 1659 progrediens.
1167 1606 1351 1658 Denique
1381 1605 1423 1646 in
1450 1608 1629 1646 extrema
1659 1605 1800 1646 dextra

269 1671 451 1724 imagine
482 1672 594 1713 sedet
628 1672 678 1714 ad
713 1673 923 1714 sinistram
959 1673 1001 1713 in
1036 1672 1156 1719 sella,
1208 1685 1311 1726 quae.
1349 1672 1467 1725 podio
1505 1672 1700 1725 imposita
1741 1672 1801 1713 est

271 1739 310 1779 et
343 1738 457 1779 cuius
487 1738 606 1791 pedes
645 1739 687 1779 in
726 1739 854 1780 leonis
888 1751 1045 1792 ungues
1075 1739 1244 1780 formati
1274 1742 1383 1790 sunt,
1415 1739 1477 1780 vir
1508 1738 1704 1780 barbatus
1736 1751 1801 1780 so-

268 1805 354 1853 leis,
386 1806 540 1855 tunica,
573 1808 672 1860 toga
702 1807 872 1848 indutus
903 1808 1070 1848 sinistro
1102 1819 1241 1849 umero
1273 1809 1312 1848 et
1342 1807 1424 1848 imo
1447 1807 1605 1859 corpori
1627 1807 1801 1848 circum-

270 1873 425 1922 voluta,
472 1874 682 1914 sinistram
713 1874 836 1915 sellae
865 1874 1090 1927 imponens,
1131 1874 1271 1915 dextra
1309 1874 1360 1915 ad
1393 1875 1576 1914 mentum
1621 1873 1800 1915 admota.

270 1939 421 1992 Aperte
451 1941 588 1981 autem
632 1942 838 1981 attentum
881 1953 921 1981 se
960 1941 1127 1994 praebet
1162 1940 1391 1982 auditorem
1422 1940 1576 1993 iuveni,
1608 1940 1678 1993 qui
1709 1952 1802 1981 exo-

270 2006 379 2047 mide
409 2008 448 2047 et
479 2007 767 2049 calceamentis
805 2008 976 2049 indutus
1015 2010 1110 2050 ante
1141 2021 1231 2050 eum
1264 2021 1387 2061 prope
1418 2008 1557 2050 adstat
1589 2010 1629 2050 et
1660 2009 1694 2050 ei
1727 2009 1801 2050 ali-

270 2073 369 2126 quid
401 2086 567 2115 narrare.
600 2074 780 2122 videtum
828 2075 1003 2116 feminae
1050 2075 1169 2116 modo
1201 2075 1428 2128 descriptae
1461 2077 1627 2129 tergum
1658 2076 1801 2117 obver-

269 2142 371 2195 tens,
402 2140 555 2190 dextra,
588 2141 702 2182 cuius
724 2141 804 2183 duo
829 2143 981 2183 extensi
1004 2143 1127 2196 digiti
1158 2143 1378 2196 praefracti
1409 2146 1518 2197 sunt,
1549 2144 1672 2191 elata,
1702 2144 1803 2185 sini-

271 2209 356 2249 stra
387 2211 434 2249 ut
464 2208 627 2249 videtur
673 2209 818 2250 bae-ulo
848 2209 1019 2251 innisus
1067 2233 1118 2238 —
1167 2210 1286 2251 Alter
1322 2211 1602 2263 sarcophagus
1636 2210 1804 2252 effossus

272 2274 446 2316 Salonae
473 2288 582 2317 nunc
614 2275 791 2329 Spalatii
829 2278 1064 2318 asservatur
1097 2277 1227 2318 multo
1261 2276 1331 2318 ille
1361 2277 1575 2319 deterioris
1605 2277 1757 2319 laboris
1773 2280 1801 2318 3.

407 2427 418 2446 ¹
444 2427 627 2471 Repertus
654 2431 709 2462 est
735 2429 844 2462 simul
870 2439 953 2462 cum
970 2428 1125 2472 pulchro
1145 2428 1384 2472 sarcophago,
1413 2428 1474 2472 qui
1496 2440 1593 2463 nunc
1610 2428 1803 2472 Petropoli

271 2489 492 2528 asservatur,
518 2498 634 2530 prope
653 2487 764 2521 limen
790 2493 912 2521 terrae
929 2486 1116 2521 Toscanae
1142 2487 1181 2520 in
1207 2487 1300 2521 cella
1328 2487 1535 2531 sepulcrali.
1567 2486 1618 2520 Cf.
1640 2487 1682 2520 H.
1702 2486 1804 2520 Hink

269 2542 367 2576 Mon.
396 2543 483 2577 dell’
510 2545 596 2578 Inst.
623 2545 719 2588 VIII,
748 2547 802 2579 38.
833 2547 861 2580 l.
890 2545 1024 2579 Annal.
1053 2546 1139 2579 dell’
1166 2545 1255 2579 Inst.
1292 2545 1377 2578 1867
1406 2557 1440 2590 p.
1475 2547 1538 2580 109
1566 2557 1618 2589 sq.
1672 2545 1802 2579 Brunn

269 2600 422 2636 Bullett.
448 2602 532 2636 dell’
558 2603 647 2638 Inst.
681 2605 766 2637 1853
794 2615 829 2648 p.
858 2605 934 2637 106.
987 2604 1104 2638 Conze
1132 2603 1343 2648 Vorlegebl.
1371 2603 1446 2638 Ser.
1475 2604 1515 2638 V.
1542 2604 1571 2637 T
1611 2604 1692 2648 XII,
1720 2605 1752 2638 2.

405 2661 417 2680 2
444 2660 623 2695 Fructum
648 2662 746 2695 hunc
774 2674 849 2697 esse
877 2662 1015 2705 Brunn,
1044 2663 1106 2706 qui
1133 2663 1211 2707 ipse
1239 2662 1509 2707 sarcophagum
1527 2663 1633 2705 vidit,
1658 2674 1803 2697 mecum

273 2719 571 2753 communicavit.

404 2778 417 2797 ³
447 2778 499 2812 Cf.
527 2778 654 2816 Conze,
683 2779 832 2813 Liitzow
853 2780 1029 2814 Zeitschr.
1055 2780 1079 2813 f.
1099 2780 1261 2814 bildend.
1282 2780 1405 2814 Kunst
1423 2780 1501 2814 VII.
1526 2781 1614 2815 1872
1639 2793 1673 2825 p.
1689 2782 1733 2815 65
1747 2793 1800 2825 sq.

269 2847 304 2880 p.
332 2837 400 2870 259
428 2849 478 2881 sq.
536 2836 732 2871 Romische
765 2838 974 2872 Bildwerke
1007 2838 1259 2872 einheimisch.
1292 2838 1481 2872 Fundorts
1514 2839 1553 2872 in
1585 2838 1745 2878 Ocsterr.
1776 2838 1802 2873 Ι.

272 2905 307 2938 p.
336 2896 352 2927 1
390 2905 442 2938 sq.
470 2894 510 2928 T.
547 2897 577 2928 1.
610 2895 829 2937 (Denkschr.
866 2896 901 2930 d.
934 2897 1025 2930 kais.
1061 2897 1180 2930 Akad.
1220 2897 1286 2930 der
1317 2896 1536 2931 Wissensch.
1574 2896 1682 2931 W'ien
1718 2898 1805 2931 1873
