1912 3310
529 471 755 526 Auctor
793 471 864 524 de
900 470 1029 524 vita
1067 484 1192 525 sua.

230 686 366 728 Natus
397 698 488 727 sum
516 684 732 738 Augustus
755 683 939 726 Dethard
960 683 1200 725 Kalkmann
1222 682 1457 735 Hamburgi
1480 695 1516 723 a.
1537 681 1575 722 h.
1593 694 1623 723 s.

97 754 195 795 LIII
225 752 376 795 mensis
407 752 551 793 Martii
581 751 646 792 die
675 751 816 792 XXIV
846 752 963 804 patre
994 751 1231 791 Hermanno
1255 749 1463 790 Dethardo
1494 749 1626 790 matre

98 820 284 862 Iohanna
305 832 325 861 e
345 819 467 873 gente
489 818 769 871 Tappenbeck.
815 818 926 859 Fidei
949 817 1139 859 addictus
1160 829 1250 858 sum
1282 816 1555 869 evangelicae.
1575 840 1626 845 —

98 887 351 929 Litterarum
381 885 617 939 primordiis
650 885 693 926 in
723 885 820 927 ludo
842 884 1091 926 Nirnheimii
1112 884 1295 924 imbutus
1326 896 1395 935 per
1425 883 1525 924 duos
1556 896 1626 924 an-

98 966 170 996 nos
198 953 476 995 mercaturam
509 952 620 994 haud
651 951 795 993 libenti
827 952 964 994 animo
996 951 1133 992 didici.
1192 949 1319 991 Aliud
1358 949 1501 991 deinde
1540 951 1627 991 stu-

97 1021 259 1063 diorum
283 1032 412 1074 genus
436 1019 644 1073 amplexus
674 1020 715 1060 et
736 1018 992 1060 Reinstorffii
1026 1018 1103 1059 viri
1136 1018 1287 1070 optime
1318 1017 1366 1058 de
1396 1030 1459 1058 me
1490 1017 1627 1058 meriti

99 1088 263 1141 egregia
295 1087 514 1140 disciplina
546 1087 813 1140 praeparatus
843 1086 1106 1140 gymnasium
1143 1085 1394 1126 Iohanneum
1418 1085 1626 1126 Hambur-

97 1166 234 1207 gense,
266 1154 331 1195 cui
354 1153 522 1195 Classen
553 1154 791 1206 praeceptor
825 1152 1161 1205 incomparabilis
1207 1152 1366 1193 faustus
1400 1151 1624 1193 alienorum

97 1221 357 1275 ingeniorum
392 1221 593 1262 formator
624 1221 723 1262 tunc
755 1222 952 1273 praeerat⁷
983 1233 1052 1272 per
1073 1220 1172 1260 duos
1205 1232 1332 1260 annos
1355 1219 1625 1271 frequentavi.

99 1288 313 1341 Stipendia
352 1288 426 1329 sub
448 1287 562 1330 Tello
584 1288 633 1329 de
651 1285 1236 1329 Wilamowitz-Moellendorff
1265 1286 1352 1327 viro
1387 1285 1482 1326 forti
1513 1286 1626 1338 equi-

99 1356 188 1396 tum
234 1355 438 1408 praefecto
484 1356 655 1397 meritus
687 1356 887 1397 autumno
920 1355 1017 1396 anni
1046 1354 1220 1395 LXXIV
1252 1353 1405 1395 almam
1438 1354 1626 1394 Bonnen-

99 1435 184 1464 sem
216 1422 452 1464 litterarum
485 1423 621 1465 sedem
653 1422 748 1473 adii,
794 1423 864 1463 ubi
895 1435 963 1474 per
1000 1423 1153 1474 septem
1195 1421 1435 1463 semenstria
1478 1420 1627 1461 studiis

99 1502 263 1543 operam
305 1489 410 1530 dedi.
489 1489 645 1531 Deinde
675 1502 744 1542 per
774 1502 840 1530 sex
869 1501 1026 1530 menses
1056 1488 1339 1529 universitatis
1369 1487 1625 1529 Monacensis

99 1556 200 1598 civis
232 1556 293 1597 fui
325 1557 366 1597 et
396 1568 464 1609 per
495 1556 556 1598 bis
587 1568 653 1597 sex
684 1555 971 1597 Berolinensis.
1031 1555 1131 1596 Inde
1160 1555 1331 1608 longum
1361 1555 1522 1607 tempus
1553 1566 1625 1596 va-

99 1625 238 1667 letudo
267 1623 529 1666 incommoda
559 1623 697 1664 studia
728 1636 818 1664 mea
849 1622 1072 1664 fraudavit.
1103 1646 1152 1650 —
1186 1622 1423 1663 Docuerunt
1454 1634 1516 1662 me
1547 1621 1624 1662 viri

100 1692 319 1734 clarissimi
351 1692 384 1733 I.
416 1692 611 1745 Bernays,
658 1691 813 1740 Brunn,
857 1690 1094 1736 Buecheler,
1133 1690 1177 1731 E.
1205 1689 1387 1737 Curtius,
1421 1688 1539 1741 Iusti,
1575 1688 1622 1729 R.

100 1759 272 1810 chule,
304 1760 395 1809 Leo,
426 1759 456 1800 I.
481 1759 528 1799 B.
551 1757 698 1811 Meyer,
731 1757 971 1809 Mommsen,
1003 1756 1051 1797 de
1076 1755 1314 1809 Mosengefl,
1346 1755 1622 1807 Neuhaeuser,

100 1827 234 1880 Riebl,
272 1827 440 1875 Robert‚
478 1825 644 1867 Usener.
692 1848 737 1853 —-
789 1823 1026 1865 Buecheleri
1059 1824 1099 1864 et
1130 1823 1300 1864 Useneri
1340 1822 1623 1863 benevolentia

101 1896 284 1948 receptus
328 1906 417 1935 sum
462 1892 505 1933 in
550 1891 813 1932 seminarium
859 1890 1019 1943 regium
1061 1889 1358 1942 philologicum
1399 1888 1624 1940 Bonnense,

101 1962 217 2002 cuius
247 1974 316 2015 per
347 1960 545 2014 quattuor
576 1958 818 1999 semenstria
850 1957 908 1997 fui
941 1956 1091 1997 sodalis
1123 1955 1366 1996 ordinarius.
1417 1954 1622 1996 Exercita-

99 2029 284 2070 tionibus
312 2026 481 2069 interfui
512 2024 832 2077 archaeologicis
864 2023 1052 2072 Brunnii,
1089 2022 1277 2074 Kekulei,
1309 2021 1499 2068 Roberti;
1542 2021 1622 2073 epi-

101 2095 307 2150 graphicis
340 2091 589 2135 Buecheleri.
622 2116 668 2119 —
705 2090 814 2142 Quos
845 2090 1124 2142 praeceptores
1156 2100 1292 2129 omnes
1320 2088 1440 2139 grata
1469 2100 1626 2140 semper

102 2163 236 2204 colam
280 2161 488 2203 memoria.
549 2159 660 2200 Viris
702 2171 794 2200 vero
840 2157 1118 2211 singularibus
1158 2155 1404 2197 Buechelero
1442 2154 1625 2195 Kekuleo

33 2259 38 2261 -
103 2229 283 2271 Usenero
313 2229 398 2269 tam
430 2226 585 2280 insigni
615 2238 711 2279 erga
734 2238 797 2266 me
821 2225 1031 2266 voluntate
1052 2236 1116 2264 me
1151 2235 1230 2264 non
1264 2221 1478 2273 indignum
1505 2221 1625 2261 fuisso

102 2295 226 2338 velim
256 2294 479 2348 aliquando
510 2292 792 2334 demonstrare
823 2303 949 2344 posse.
