1912 3310
787 187 832 219 29

50 298 167 339 dram
188 296 409 338 ostendunt
439 298 478 337 in
517 298 616 339 sella
646 298 841 351 languide
872 299 1090 352 sedentem,
1123 301 1172 341 ab
1203 301 1364 342 ancillis
1396 301 1569 342 circum-

48 365 204 411 datam,
251 363 291 404 et
321 362 473 404 Seneca
519 365 677 416 copiose
715 365 906 418 depingit
939 366 1102 407 Amoris
1135 367 1285 408 aculeis
1316 368 1496 409 sauciam
1529 368 1569 409 et

47 432 188 474 morbo
234 431 524 483 tabescentem,
571 432 684 472 cuius
731 444 821 472 cum
864 432 1082 485 Euripidea
1127 434 1352 475 retractata
1382 435 1568 476 Phaedra

48 498 340 540 similitudines
377 497 582 550 congessit
615 498 691 539 Leo
725 499 768 548 (l.
800 499 826 540 l.
858 513 894 552 p.
930 501 1039 553 178).
1100 501 1177 542 Sed
1210 513 1298 541 cum
1338 502 1458 554 poeta
1486 502 1568 543 Ro-

49 577 195 607 manus
226 564 445 618 permulta,
492 576 595 616 quae
629 577 652 605 a
687 563 842 606 Graeco
883 566 1043 619 tragico
1089 567 1222 609 aliena
1267 568 1360 619 sint,
1415 569 1568 609 immis-

51 633 194 681 cuerit,
235 631 436 672 iudicium
469 630 626 681 sistam,
668 631 794 672 donec
825 632 990 674 aliunde
1021 634 1083 674 his
1115 635 1232 675 rebus
1258 634 1327 674 lux
1356 635 1569 676 affulserit.

50 698 224 740 Diremit
245 699 382 739 autem
406 697 619 739 Phaedrae
650 699 903 751 aegrotantis
933 699 1242 753 descriptionem
1276 701 1418 754 pingui
1446 714 1569 743 manu

50 766 92 807 in
124 766 224 807 duas
251 766 386 818 partes
415 777 452 806 v.
486 765 538 806 85
572 777 631 818 sq.
664 767 703 806 et
738 779 774 806 v.
807 767 1046 814 358—405;
1089 767 1174 808 illic
1204 768 1302 808 bene
1334 768 1480 821 posuit,
1503 769 1568 809 hic

46 833 154 875 male
195 832 234 874 et
266 832 460 885 Euripide
491 833 597 874 certe
639 845 718 874 non
761 834 976 879 invitante,
1027 835 1070 875 ut
1101 834 1177 875 Leo
1209 836 1291 875 iarn
1323 835 1567 876 observavit.

47 900 212 941 Novum
243 900 345 941 mihi
373 899 449 940 hoc
479 899 736 941 adventiciae
769 901 869 941 artis
900 900 1097 941 indicium
1130 902 1201 942 est.
1243 901 1393 943 Seneca
1425 903 1567 943 statim

47 967 228 1009 adnectit
257 967 396 1008 Lunae
424 966 724 1008 invocationem
760 980 795 1007 v.
827 968 908 1008 406
939 980 1010 1020 sq„
1044 981 1166 1020 quam
1198 968 1238 1008 in
1259 969 1403 1009 Velato
1434 969 1570 1010 locum

48 1034 238 1076 habuisse
268 1046 391 1087 supra
423 1034 565 1075 notavi
613 1033 681 1085 (cf.
714 1033 847 1076 Schol.
883 1034 1084 1076 Theocrit.
1124 1035 1174 1077 II.
1210 1035 1292 1089 10),
1339 1038 1462 1088 atque
1504 1036 1568 1077 hic

47 1101 203 1156 philtra
254 1100 424 1154 proferri
479 1101 713 1153 potuerunt.
801 1099 932 1152 Quam
988 1101 1151 1153 quidem
1201 1114 1390 1143 scaenam
1438 1102 1567 1144 latam

47 1167 171 1210 fuisse
227 1168 335 1210 haud
384 1167 541 1220 opiner3
604 1167 935 1221 quandoquidem
990 1168 1168 1220 optimus
1223 1169 1393 1222 quisque
1451 1170 1568 1222 poeta

48 1235 170 1276 huius
201 1236 361 1289 generis
402 1235 643 1276 ornamenta
686 1234 737 1275 ad
782 1247 912 1276 mores
944 1235 1217 1288 depingendos
1248 1237 1411 1276 tantuin
1444 1236 1568 1289 perti-

48 1302 202 1352 nentia,
250 1315 354 1356 quae
397 1302 601 1344 actionem
646 1302 781 1354 potius
814 1302 1027 1343 retardant
1061 1315 1183 1355 quam
1216 1303 1457 1353 accelerant,
1488 1316 1568 1344 non

47 1368 166 1423 larga
198 1382 322 1410 manu
352 1381 542 1422 spargere
569 1368 682 1409 solet.
735 1368 922 1409 Welcker
953 1370 1089 1409 autem
1121 1369 1273 1410 erravit
1304 1369 1457 1422 primae
1479 1372 1568 1422 post

47 1436 263 1490 prologum
309 1448 478 1477 scaenae
509 1435 739 1476 Phaedram
783 1436 1009 1476 insomnem
1050 1437 1298 1491 surgentem,
1329 1437 1446 1477 nocte
1477 1448 1567 1477 eva—

47 1504 230 1557 gantem,
275 1515 391 1545 sacra
437 1503 599 1556 magica
649 1503 935 1543 instituentem
986 1503 1201 1555 assignans
1241 1503 1341 1554 (1.1.
1387 1516 1422 1555 p.
1458 1503 1566 1553 737).

48 1569 167 1611 Talia
197 1570 310 1611 brevi
341 1571 476 1623 antea,
509 1581 631 1622 quam
664 1569 747 1621 ipse
779 1570 914 1610 castus
946 1569 1103 1610 iuvenis
1126 1568 1431 1621 compellandus
1453 1569 1568 1620 esset,

47 1636 248 1678 collocata
295 1649 392 1689 esse,
437 1636 545 1690 quod
590 1649 660 1689 per
703 1648 742 1677 se
784 1636 1128 1677 verisimillimum
1161 1637 1233 1689 est,
1277 1635 1426 1677 Seneca
1461 1635 1568 1677 ultro

46 1705 193 1757 probat
227 1705 303 1746 hoc
331 1705 419 1746 loco
451 1705 588 1746 Lunae
616 1704 918 1746 invocationem
953 1705 1153 1745 exhibens.
1210 1703 1338 1754 Adde,
1371 1702 1477 1755 quod
1499 1702 1569 1743 de-

45 1772 323 1814 monstratum
367 1772 440 1822 est,
487 1774 649 1825 poetam
689 1771 864 1813 actionis
905 1783 1225 1823 scaenarumque
1269 1771 1481 1811 decursum
1526 1770 1568 1810 in

47 1839 229 1880 correcta
260 1839 439 1881 editione
470 1852 550 1880 non
584 1839 805 1881 admodum
840 1840 1031 1880 mutasse.

181 1907 426 1960 Argumenti
457 1908 595 1948 autem
640 1908 789 1948 natura
835 1907 925 1957 fert,
974 1907 1019 1947 ut
1059 1918 1227 1959 sequens
1258 1904 1393 1946 Velati
1424 1915 1569 1944 scaena

46 1973 248 2015 nutricem
296 1973 434 2027 aliquo
480 1974 599 2015 modo
631 1974 904 2028 Hippolytum
936 1973 1154 2015 adeuntem
1185 1971 1429 2019 ostenderit;
1461 1969 1567 2023 quod

45 2040 438 2093 repraesentationes
484 2041 618 2094 lapide
649 2040 811 2082 effictae
843 2053 922 2081 non
956 2040 1089 2081 minus
1120 2040 1323 2080 evincunt.
1383 2038 1489 2079 Nam
1522 2038 1569 2077 ut

46 2108 182 2160 capita
224 2108 597 2161 argumentationis
640 2108 715 2149 hoc
745 2108 834 2149 loco
866 2108 1004 2161 paucis
1038 2107 1394 2159 comprehendam:
1432 2116 1569 2146 sarco-

46 2174 275 2228 phagorum
307 2175 532 2228 sculptores
564 2175 772 2228 Euripidis
802 2175 976 2228 vestigia
1008 2174 1165 2227 legisse,
1198 2174 1312 2214 cuius
1343 2172 1568 2213 auctoritas

44 2241 88 2282 in
117 2241 300 2295 imagine
333 2241 545 2284 Phaedrae
575 2243 626 2284 ab
657 2242 820 2283 ancillis
850 2241 1128 2282 circumdatae
1157 2241 1242 2281 sine
1279 2239 1400 2279 dubio
1442 2251 1569 2290 appa-

45 2309 120 2360 ret,
170 2310 258 2350 tam
303 2311 448 2350 notum
493 2310 566 2363 est,
606 2310 653 2350 ut
701 2309 911 2362 amplioris
957 2307 1209 2361 probationis
1248 2319 1326 2347 non
1368 2305 1565 2357 indigeat.

46 2375 149 2428 Iam,
197 2388 290 2417 cum
333 2376 375 2417 in
421 2376 630 2418 nonnullis
676 2375 1118 2429 repraesentationibus
1162 2374 1298 2414 nutrix
1341 2371 1565 2424 Hippolyto

46 2442 265 2495 epistulam
297 2442 456 2494 reddat,
489 2442 560 2496 qui
588 2455 728 2484 sensus
759 2455 803 2483 ex
835 2442 896 2482 his
927 2441 1018 2481 elici
1050 2440 1183 2492 potest
1215 2439 1292 2479 nisi
1321 2438 1403 2479 hic:
1438 2437 1569 2477 Phae-

45 2509 161 2551 dram
194 2522 332 2551 amore
362 2510 644 2563 aegrotantem
678 2509 878 2549 nutricem
910 2508 961 2549 ad
992 2507 1228 2560 privignum
1258 2506 1442 2546 misisse?
1461 2503 1568 2555 Quid

46 2576 152 2629 quod
183 2578 226 2618 in
259 2577 466 2618 nonnullis
497 2576 774 2617 monumentis
797 2575 984 2616 Phaedra
1003 2576 1042 2615 et
1059 2574 1308 2627 Hippolytus
1328 2574 1414 2613 tam
1436 2582 1568 2624 presse

45 2643 237 2686 collocati
265 2645 372 2695 sunt,
404 2647 451 2685 ut
480 2645 587 2685 inter
617 2656 657 2684 se
688 2643 800 2696 loqui
831 2643 1049 2683 videantur
1077 2641 1353 2682 intercedente
1384 2638 1568 2678 nutrice?

46 2710 158 2763 Quae
189 2713 327 2753 omnia
359 2713 496 2764 aperte
527 2712 714 2764 pugnant
746 2723 838 2750 cum
871 2709 1098 2751 Coroniferi
1131 2708 1387 2761 argumento.
1450 2705 1568 2745 Desi-

45 2790 191 2819 namus
217 2778 348 2832 igitur
367 2779 410 2819 in
430 2778 694 2831 sarcophagis
714 2776 1032 2829 interpretandis
1056 2788 1126 2817 nos
1150 2776 1229 2816 hue
1250 2775 1350 2815 illuc
1366 2775 1565 2824 torquere,

45 2857 138 2886 cum
159 2845 386 2886 difficultas
403 2845 639 2898 expediatur
659 2845 947 2898 argumentum
972 2843 1115 2896 prioris
1133 2841 1348 2895 Hippolyti
1366 2840 1417 2881 ad
1434 2839 1567 2892 partes
