1912 3310
0 2737 20 2805 {2

2 2808 20 2860 1,

818 194 885 228 109

85 307 185 350 dum
215 307 347 350 sedati
378 309 642 360 renovantur,
669 308 767 350 dum
799 309 841 349 in
873 321 917 350 eo
952 308 1024 359 est,
1056 309 1102 349 ut
1132 308 1184 350 ad
1206 322 1361 351 venena
1382 308 1615 362 confugiat3

85 374 172 416 sola
203 374 287 416 orci
317 375 513 417 terricula
544 375 865 428 formidinesque
897 376 936 416 et
969 375 1073 416 lucis
1105 375 1309 428 cupiditas
1341 375 1547 417 blanditer
1572 375 1616 417 in

84 440 303 482 iuvenilem
347 442 530 483 animum
577 441 750 483 influens
794 442 932 483 onmia
973 441 1175 483 moriendi
1205 442 1376 483 consilia
1406 443 1618 495 propulsat

84 521 123 550 V.
155 509 235 550 802
263 521 322 562 sq.
347 532 393 537 ——
419 507 558 550 Ovidii
590 508 768 562 Byblida
800 509 1094 562 Myrrhamque
1124 509 1262 550 tenere
1294 509 1488 561 videaris,
1519 522 1616 550 nam

83 574 126 615 in
157 587 202 616 eo
234 588 401 628 quoque
423 575 519 616 illae
551 575 732 628 Virgines
765 575 933 616 eandem
972 575 1174 617 rationem
1211 576 1458 629 sequuntur,
1508 576 1616 629 quod

84 642 127 683 111
171 642 352 683 consiliis
379 654 534 683 vsecum
583 641 858 693 ponderandis
905 643 1036 695 primo
1082 642 1171 683 loco
1208 642 1308 683 iusti
1348 655 1396 684 ac
1437 643 1615 696 legitimi

85 708 264 750 calculos
309 708 556 758 subducunt,
580 699 748 749 'deinde
794 708 845 749 ad
891 709 1041 750 illicita
1089 709 1274 762 consilia,
1318 722 1421 762 quae
1451 709 1619 751 efferata

84 774 213 816 libido
258 787 416 828 semper
457 776 619 828 praesto
661 775 798 827 habet,
841 775 1104 818 descendunt.
1165 777 1346 830 Uterque
1382 778 1533 827 autem,
1580 777 1620 818 et

84 843 204 894 poeta
239 842 449 883 Romanus
493 841 604 894 (Met.
637 842 688 891 X,
719 842 799 883 372
831 841 910 896 sq.)
944 844 984 884 et
1016 842 1196 884 Graecus
1227 844 1280 894 (v.
1315 844 1392 884 755
1425 842 1515 897 sq),
1557 844 1620 896 ip-

85 922 171 951 sam
210 908 395 962 suspensi
433 909 562 950 animi
599 909 912 951 fluctuationem
954 909 1082 950 simili
1114 909 1312 960 illustrat,
1356 911 1463 963 quod
1509 910 1618 952 idem

85 977 214 1019 animi
258 976 483 1018 affectuum
532 976 712 1017 dilucide
764 976 1114 1029 depingendorum
1165 977 1350 1018 studium
1400 978 1618 1019 manifesto

85 1043 276 1086 ostendit.
337 1043 500 1085 Similia
542 1046 679 1084 autem
730 1043 938 1096 similique
987 1044 1148 1084 ratione
1197 1044 1392 1085 exornata
1437 1044 1618 1097 exempla

84 1123 317 1152 sermonum
360 1110 628 1159 internorum,
677 1110 824 1163 quibus
862 1111 1049 1151 amantes
1088 1110 1287 1152 sollicitos
1319 1111 1478 1152 animos
1511 1111 1617 1152 rela-

84 1179 192 1228 xent,
223 1178 366 1230 poetae
387 1176 679 1230 Panopolitani
703 1177 954 1231 Dionysiaca
986 1177 1208 1219 excutienti
1238 1178 1315 1219 tibi
1346 1178 1455 1220 haud
1489 1190 1617 1231 pauca

85 1245 306 1287 offerentur
326 1247 349 1286 ¹.

215 1311 303 1353 Iam
348 1311 515 1364 longam
567 1324 614 1353 ac
657 1311 864 1364 spinosam
911 1313 955 1354 at
999 1312 1110 1354 haud
1155 1312 1458 1354 infructuosam
1493 1313 1616 1364 viam,

86 1392 166 1433 qua
194 1379 443 1429 refellebam,
477 1391 581 1432 quae
611 1379 702 1432 quis
736 1379 877 1420 forsan
907 1379 1241 1421 contradicturus
1271 1381 1385 1429 esset,
1419 1381 1618 1432 permensi

84 1446 311 1499 paratiores
341 1446 492 1487 erimus
523 1445 575 1487 ad
605 1446 906 1487 aestimandam
937 1448 1047 1488 recto
1085 1447 1237 1488 iudicio
1278 1446 1460 1488 fabulam
1502 1459 1618 1488 ama-

84 1513 236 1554 toriam
282 1513 325 1554 in
368 1512 525 1554 decimo
572 1512 739 1565 Apuleii
788 1512 1175 1566 Metamorphoseon
1221 1514 1324 1555 libro
1371 1514 1618 1565 exstantem,

87 1593 192 1634 quae
221 1580 274 1622 ad
307 1579 503 1622 Senecam
550 1579 717 1633 eiusque
765 1580 971 1633 exemplar
1016 1593 1088 1621 nos
1133 1581 1299 1622 reducet
1337 1593 1385 1622 ac
1415 1580 1494 1622 toti
1523 1580 1619 1621 huic

87 1647 317 1701 quaestioni
349 1647 467 1700 quasi
497 1647 713 1700 fastigium
746 1647 992 1699 impositura
1024 1648 1097 1688 est.
1143 1671 1195 1676 -—
1234 1648 1389 1701 Agitur
1420 1648 1469 1689 de
1498 1647 1618 1689 fatali
1682 1650 1687 1652 “

87 1726 285 1756 novercae
329 1726 466 1756 amore
516 1714 558 1755 in
606 1714 859 1767 privignum,
905 1727 1023 1767 quem
1075 1716 1121 1755 ut
1165 1727 1305 1755 verum
1344 1714 1618 1768 Hippolytum

83 1777 238 1834 ‘probe
280 1780 513 1822 litteratum
560 1782 686 1834 atque
736 1781 786 1822 ob
828 1781 869 1821 id
908 1782 1202 1834 consequenter
1233 1782 1387 1834 pietate
1415 1781 1618 1822 modestia

84 1841 373 1901 praecipuuni'
404 1848 579 1900 scriptor
611 1848 841 1889 introducit
885 1849 936 1899 (c.
966 1848 1045 1898 ΙΙ);
1088 1861 1261 1890 noverca
1300 1847 1453 1890 ‘forma
1484 1848 1619 1901 magis

86 1927 212 1969 quam
253 1915 435 1957 moribus
479 1915 522 1956 in
569 1915 689 1956 domo
736 1915 876 1956 mariti
922 1909 1196 1968 praepollens'
1240 1916 1312 1956 est.
1378 1916 1444 1957 Ita
1488 1915 1619 1969 igitur

86 1982 286 2035 Apuleius
322 1983 482 2023 narrat:
525 1978 627 2024 ‘Sed
672 1982 819 2023 mulier
854 1982 927 2023 illa
966 1995 1089 2035 quam
1127 1982 1198 2022 diu
1228 1982 1371 2035 primis
1410 1982 1619 2024 alimentis

87 2048 244 2102 Cupido
275 2049 470 2102 parvulus
502 2049 775 2099 nutriebatur,
807 2048 1009 2090 inbecillis
1029 2049 1161 2090 adhuc
1193 2049 1278 2090 eius
1308 2049 1465 2090 viribus
1497 2049 1619 2091 facile

85 2117 276 2158 ruborem
319 2116 485 2157 tenuem
529 2116 759 2169 deprimens
797 2116 961 2157 silentio
1002 2117 1229 2158 resistebat.
1290 2117 1348 2157 At
1393 2117 1463 2158 ubi
1507 2129 1619 2158 com-

87 2183 209 2237 pletis
235 2183 332 2237 igne
362 2195 538 2224 vaesano
570 2183 671 2224 totis
702 2183 952 2236 praecordiis
983 2183 1201 2224 immodice
1234 2183 1460 2225 bacchatus
1493 2184 1619 2224 Amor

86 2250 364 2300 exaestuabat,
397 2250 597 2291 saevienti
628 2250 700 2291 deo
732 2250 814 2292 iam
847 2250 1076 2298 succubuit,
1125 2251 1163 2292 et
1194 2250 1393 2303 languore
1424 2251 1618 2292 simulato

86 2317 236 2359 vulnus
266 2317 394 2359 animi
424 2317 625 2359 mentitur
652 2318 695 2359 in
726 2318 905 2371 corporis
942 2318 1177 2359 valetudine
1189 2319 1217 2359 2.
1264 2318 1355 2360 Iam
1388 2319 1521 2359 cetera
1554 2329 1618 2358 sa-

87 2384 187 2425 lutis
228 2384 450 2438 vultusque
487 2384 735 2426 detrimenta
772 2386 812 2426 et
849 2385 983 2437 aegris
1021 2386 1061 2426 et
1099 2384 1334 2426 amantibus
1373 2384 1616 2425 examussim

87 2451 302 2493 convenire
333 2464 450 2493 nemo
488 2453 558 2505 qui
587 2452 762 2494 nesciat:
809 2452 940 2505 pallor
980 2452 1186 2505 deformis,
1232 2452 1460 2493 marcentes
1498 2451 1618 2504 oculi,

86 2519 195 2560 lassa
225 2531 372 2572 genua,
403 2519 516 2572 quies
546 2519 716 2560 turbida
747 2520 786 2560 et
809 2519 1027 2572 suspiritus
1052 2519 1259 2560 cruciatus
1281 2518 1481 2559 tarditate
1502 2518 1617 2559 vehe-

88 2583 295 2628 mentior’.
326 2586 375 2627 In
395 2586 657 2639 sequentibus
681 2586 819 2638 paullo
842 2586 1006 2627 uberius
1029 2586 1192 2638 exponit
1214 2586 1261 2626 de
1292 2585 1465 2638 propriis
1485 2584 1618 2626 morbi

88 2652 210 2704 notis,
256 2665 376 2707 quem
404 2649 676 2695 ‘medicorum
708 2653 878 2706 ignarae
910 2646 1088 2694 mentes>
1120 2665 1198 2694 non
1230 2652 1519 2706 perspexerint.
1566 2674 1614 2680 —

227 2811 238 2831 ¹
264 2810 318 2845 Cf.
345 2822 400 2846 ex.
429 2822 485 2856 gr.
510 2811 679 2854 XXXIV,
705 2813 726 2846 8
751 2823 802 2856 sq.
831 2811 896 2845 103
923 2822 975 2856 sq.

229 2871 243 2890 ²
268 2868 558 2905 ‘Valetudinem’
587 2870 745 2906 coniecit
769 2869 1000 2914 Bernhardy.
