1912 3310
1039 178 1085 212 46

297 291 508 344 Sophoclis
538 291 828 332 auctoritatem
861 303 905 332 eo
936 290 1126 340 valuisse,
1158 290 1205 330 ut
1223 289 1438 342 Euripides
1468 291 1607 343 postea
1641 291 1825 333 fabulam

297 371 412 400 suam
441 358 687 400 retractaret
718 359 757 399 et
785 358 1099 400 moderatiorem
1131 357 1362 398 Phaedram
1396 359 1638 411 proponeret
1656 361 1680 398 ¹.
1738 357 1828 399 Ita-

297 440 373 480 que
403 427 568 468 tantum
600 425 726 475 abest,
760 425 806 465 ut
838 436 928 465 cum
958 424 1174 465 Welckero
1205 424 1249 464 in
1280 423 1359 474 frg.
1392 425 1494 466 615:

495 487 620 545 αἴσχη
650 490 738 544 μέν,
772 481 807 531 ὦ
840 492 1047 544 γυναῖκες,
1081 484 1176 531 ov'd'
1207 485 1258 530 ἷέν
1290 483 1356 539 εἷς
1387 492 1515 546 φύγοι

493 558 665 612 βροτῶν
696 557 820 607 ποθ’,
854 547 889 611 ᾧ
915 555 986 597 καὶ
1016 553 1127 605 Ζεὺς
1159 554 1386 614 ἐφορμήσῃ
1417 554 1544 598 κακά·

495 623 649 673 νόσους
679 623 712 663 δ’
744 616 904 677 ἀνάγκη
935 621 1012 672 τοῖς
1044 623 1284 678 θεηλάτους
1315 625 1463 679 φέρειν

296 693 511 735 audaciam
550 691 756 745 quandam
795 703 1033 744 agnoscam,
1081 704 1184 744 quae
1225 692 1465 734 libidinibus
1510 693 1823 735 simulationum

295 761 508 802 involucra
525 758 843 812 circumspiciat,
878 760 923 799 ut
953 760 1118 800 tantum
1146 759 1331 800 animum
1354 760 1546 802 devotum
1574 763 1613 802 et
1634 761 1821 802 sedatum

296 827 522 881 significari
554 826 727 878 videam7
758 825 829 878 qui
858 825 968 866 mala
998 826 1199 866 divinitus
1230 826 1416 868 immissa
1438 828 1642 880 patienter
1662 828 1822 869 toleret.

297 894 403 935 Cave
434 906 483 934 ne
514 893 702 934 altiorem
733 904 895 933 sensum
939 892 1000 932 his
1036 892 1168 932 verbis
1206 892 1396 943 sufficias,
1444 906 1535 934 cum
1576 895 1624 936 de
1667 894 1822 936 ferendi

295 963 361 1004 via
396 974 443 1003 ac
473 960 632 1002 ratione
665 972 700 1000 v.
733 960 757 999 3
790 958 890 998 nihil
929 958 1210 1011 significatum
1252 959 1305 999 sit
1350 959 1416 1007 (cf.
1451 960 1547 1001 Eur.
1580 961 1676 1014 Hip.
1711 961 1822 1009 398).

294 1029 446 1070 Eadem
494 1028 631 1068 autem
676 1025 903 1078 tranquilla
949 1025 1091 1065 iudicii
1138 1025 1349 1078 aequitate
1394 1027 1589 1069 Deianira
1631 1026 1822 1068 Herculis

294 1108 472 1138 amorem
495 1094 661 1135 excusat
682 1092 821 1145 (Soph.
843 1091 989 1132 Trach.
1012 1092 1090 1132 441
1117 1091 1210 1144 sq.).
1262 1092 1326 1132 Ad
1358 1105 1560 1135 summam
1591 1094 1723 1147 igitur
1752 1107 1823 1134 ne-

293 1176 391 1218 gare
431 1162 562 1203 ausim
600 1160 836 1212 Sophoclem
875 1159 1006 1211 ipsam
1039 1158 1198 1199 foedam
1245 1160 1397 1200 amoris
1442 1161 1733 1202 confessionem
1778 1160 1821 1201 in

293 1242 482 1271 scaenam
515 1227 737 1269 admisisse.
785 1226 864 1266 Hic
896 1226 1031 1278 potius
1063 1227 1207 1266 auctor
1239 1226 1338 1275 erat,
1370 1239 1491 1279 quem
1515 1227 1728 1280 Euripides
1759 1227 1822 1269 fa-

293 1297 433 1339 bulam
465 1295 694 1335 retractans
726 1293 839 1346 sequi
867 1293 1015 1344 posset,
1061 1292 1157 1333 licet
1188 1293 1229 1332 in
1271 1293 1363 1334 aliis
1405 1294 1524 1335 rebus
1558 1293 1732 1334 invicem
1770 1293 1821 1334 ad

293 1364 468 1417 priorem
499 1361 651 1402 aemuli
672 1360 855 1401 fabulam
888 1372 928 1400 se
949 1359 1212 1412 applicuerim
1244 1372 1337 1401 nam
1357 1360 1555 1401 Theseum
1580 1360 1819 1413 Sophoclem

295 1443 454 1484 quoque
493 1429 544 1470 ab
581 1428 722 1469 inferis
763 1426 997 1467 redeuntem
1029 1426 1192 1467 finxisse
1230 1427 1307 1480 frg.
1340 1428 1420 1468 620
1459 1428 1619 1480 probat,
1664 1429 1710 1468 ut
1742 1427 1820 1468 Leo

293 1495 632 1539 demonstravit?
685 1494 839 1535 Theseo
870 1493 999 1533 filium
1035 1493 1272 1534 criminanti
1304 1494 1338 1534 si
1364 1493 1453 1546 quis
1485 1506 1577 1535 cum
1608 1493 1820 1534 Welckero

292 1564 368 1616 frg.
402 1564 481 1604 618
511 1561 715 1611 tribuerit,
748 1573 827 1601 non
851 1571 1014 1612 prorsus
1037 1560 1238 1612 refrager;
1271 1560 1482 1616 eidemque
1513 1560 1719 1613 assignari
1749 1573 1821 1613 po-

291 1630 372 1671 test
403 1629 479 1681 frg.
512 1629 590 1669 inc.
618 1628 710 1668 810.
760 1627 945 1680 Reliquis
976 1628 1114 1668 autem
1146 1627 1391 1679 fragmentis
1423 1627 1474 1668 ad
1506 1627 1621 1668 filum
1656 1627 1820 1669 fabulae

290 1695 579 1749 pertexendum
611 1694 727 1735 abuti
757 1693 886 1746 poetis
919 1694 1052 1742 liceat,
1085 1693 1217 1734 critici
1247 1693 1313 1733 hic
1345 1694 1584 1735 consistant.

424 1762 534 1802 Hinc
565 1761 756 1802 converto
788 1774 851 1802 me
878 1760 929 1801 ad
950 1760 1090 1802 breves
1113 1761 1276 1801 nostrae
1300 1760 1464 1801 fabulae
1486 1761 1818 1803 narratiunculas

289 1828 594 1878 examinandas,
626 1841 721 1868 num
752 1829 794 1869 in
825 1828 875 1869 iis
906 1828 1045 1869 forsan
1076 1827 1287 1880 Euripidis
1320 1827 1494 1881 vestigia
1527 1827 1696 1869 lateant.
1739 1828 1819 1870 As-

289 1895 488 1948 clepiades
510 1896 661 1944 autem,
694 1895 763 1947 qui
788 1907 910 1936 causa
930 1894 1144 1948 incognita
1167 1894 1286 1935 modo
1316 1894 1535 1935 damnatus
1565 1895 1637 1945 est,
1670 1907 1817 1948 agmen

289 1963 425 2012 ducat,
457 1974 506 2002 ne
536 1961 712 2013 amplius
736 1961 890 2003 malum
913 1961 1072 2002 excitet.
1129 1961 1204 2001 Ille
1226 1960 1356 2013 igitur
1379 1961 1427 2001 de
1449 1961 1659 2002 Phaedrae
1681 1974 1818 2003 amore

288 2029 397 2071 ita³z
432 2027 598 2082 Φαίδρα
619 2027 664 2069 δὲ
695 2027 910 2080 ἐρωτικῶς
932 2027 1188 2068 διατεθεῖσα
1209 2027 1285 2067 τοῦ
1304 2026 1579 2077 (Ιππολύῑου,
1610 2027 1818 2083 σφοδρῶς

289 2094 356 2136 ἐπ’
389 2091 510 2150 αὐτῷ
531 2095 739 2149 τηκομένη
769 2091 818 2135 ‘cci
850 2093 928 2147 μὲν
958 2095 1136 2146 πρῶτον
1167 2090 1286 2147 ἱερόν
1314 2087 1580 2149 Ἀφροδίτης
1611 2091 1816 2149 ἕν’Ἀθή-

288 2177 377 2212 ναις
417 2157 620 2214 ἱδρύσατο
657 2158 706 2201 τὸ
748 2161 821 2202 νῦν
855 2157 1155 2202 Ἱππολύτειον
1192 2159 1480 2213 καλοί-μενον,
1536 2174 1639 2214 quae
1680 2162 1816 2203 minus

423 2269 433 2288 ¹
461 2268 684 2312 Sophocleae
716 2268 864 2302 fabulae
897 2268 1113 2302 memoriam
1148 2268 1222 2302 iam
1258 2271 1338 2301 tum
1369 2268 1481 2312 vulgo
1519 2268 1667 2312 quidem
1706 2268 1815 2302 oblit-

286 2329 444 2361 teratam
470 2327 581 2361 fuisse
608 2339 681 2360 non
706 2339 811 2372 nego.
862 2329 914 2361 At
941 2328 1066 2372 agitur
1093 2327 1137 2361 de
1170 2327 1308 2361 comico
1343 2327 1424 2360 viro
1456 2327 1729 2370 quodammodo
1755 2327 1815 2361 lit-

286 2388 419 2419 terato.
451 2405 488 2409 —-
517 2385 689 2419 VVelcker
716 2390 840 2419 autem
868 2388 911 2430 (p.
931 2387 998 2420 743
1015 2386 1084 2430 sq.)
1110 2397 1281 2429 perverse
1307 2385 1360 2419 ita
1387 2389 1682 2433 argumentatur,
1711 2386 1814 2429 quasi

287 2443 477 2487 Sophoclis
504 2447 680 2487 proterva
707 2444 1026 2488 immoderataque
1045 2444 1215 2478 Phaedra
1238 2444 1383 2489 fulgore
1403 2444 1584 2478 claritatis
1603 2456 1689 2479 suae
1706 2444 1814 2478 Euri-

286 2501 382 2545 pidis
408 2501 570 2545 priorem
589 2501 795 2536 Phaedram
822 2502 1009 2537 oblivione
1027 2502 1117 2536 adeo
1144 2502 1323 2546 obruerit,
1351 2505 1393 2536 ut
1411 2502 1473 2536 ille
1491 2502 1565 2536 iam
1583 2503 1813 2537 moderatam

287 2559 501 2604 animosque
527 2560 765 2595 miseratione
791 2564 999 2595 moventem
1029 2561 1236 2595 Phaedram
1264 2560 1432 2606 fingeret.

420 2619 433 2639 2
458 2618 500 2652 L.
527 2619 549 2651 l.
577 2630 612 2662 p.
642 2620 725 2663 1793
753 2619 799 2653 cf.
826 2620 1074 2654 Wilamowitz
1101 2620 1225 2654 Herm.
1253 2619 1318 2654 XV
1345 2632 1381 2663 p.
1409 2621 1477 2654 483
1505 2620 1570 2665 (3).

421 2676 434 2694 ³
460 2676 576 2711 Schol
612 2677 718 2711 Hom.
754 2679 782 2710 λ.
810 2679 891 2712 321.
949 2678 1083 2712 Miiller
1111 2678 1150 2712 F.
1177 2678 1221 2712 H.
1249 2678 1289 2712 G.
1318 2678 1370 2711 111
1409 2690 1445 2722 p.
1473 2680 1553 2712 305.
1611 2678 1811 2713 Brevitatis

284 2746 393 2769 causa
418 2735 646 2778 Asclepiadis
673 2747 805 2770 nomen
832 2737 985 2776 retineo,
1029 2748 1241 2780 quanquam
1267 2737 1340 2770 scio
1381 2736 1436 2770 his
1477 2737 1811 2781 subscriptionibus

282 2794 422 2827 nullam
450 2793 560 2828 fidem
591 2794 800 2829 habendam
833 2807 926 2839 esse3
967 2795 1012 2829 ef.
1041 2794 1226 2830 Schwartz
1255 2795 1300 2829 de
1327 2795 1439 2830 schol.
1466 2795 1573 2829 Hom.
1600 2807 1635 2839 p.
1662 2797 1731 2829 444
1758 2807 1810 2839 sq.

284 2854 353 2887 452
380 2864 432 2896 sq.
