1912 3310
877 191 944 224 117

409 304 554 346 domus
585 317 740 346 sorores
771 317 851 346 una
883 304 1081 357 corripuit
1112 303 1225 356 duas,

412 374 453 413 te
481 372 655 425 genitor,
687 372 730 413 at
760 384 823 412 me
854 372 988 412 natus.

146 438 211 479 Ab
239 438 433 491 Euripide
463 438 605 491 igitur,
651 438 721 491 qui
753 438 910 490 patrem
942 438 981 478 et
1011 437 1143 478 filium
1174 437 1330 490 primus
1367 437 1673 489 comparatione

143 504 367 554 coniunxit,
402 504 666 546 Alexandrini
698 505 839 557 poetae
871 504 1043 557 profecti
1073 505 1169 545 sunt
1200 504 1250 545 ad
1284 503 1561 544 exer-mindun]
1594 503 1670 543 hoc

144 583 334 622 acumem
383 583 556 624 quorum
592 571 754 612 Musam
790 571 941 613 Seneca
986 571 1173 624 deinceps
1218 583 1387 612 scaenae
1428 569 1672 622 Euripideae

144 638 361 691 adspirare
381 637 514 679 iussit.

277 704 451 746 Senecae
481 717 576 746 vero
606 704 673 745 hic
701 704 864 757 poetam
896 704 1232 755 Alexandrinum,
1265 704 1335 757 qui
1359 703 1577 757 Hippolyti
1608 703 1673 745 fa-

144 771 284 813 bulam
325 771 492 813 seorsim
532 771 745 821 tractavit,
794 795 845 798 —
886 784 982 812 nam
1022 771 1070 812 de
1108 772 1183 812 hac
1220 784 1262 812 re
1300 783 1455 824 semper
1487 771 1672 824 quaestio

143 838 204 880 est
245 862 296 867 —
339 838 392 879 ad
424 851 590 879 manum
621 838 757 888 fuisse,
810 837 851 877 in
884 838 987 879 hanc
1018 838 1266 879 sententiam
1298 851 1341 879 eo
1372 839 1537 890 pronior
1569 851 1672 888 sum,

144 918 223 959 quo
261 905 422 958 planius
460 905 503 945 in
541 905 733 957 sequente
774 905 933 946 cantico
976 906 1031 955 (v.
1066 905 1143 945 736
1175 904 1267 957 sq),
1315 905 1423 957 quod
1454 904 1671 958 Hippolyti

143 972 490 1027 pulchritudinem
535 971 725 1013 laudibus
771 972 898 1025 effert,
946 972 1248 1013 Alexandrinus
1294 971 1404 1013 color
1450 971 1670 1023 praevalet.

143 1039 237 1093 ipsa
276 1039 448 1081 materia
485 1052 508 1080 a
546 1039 726 1081 Graecae
770 1040 986 1093 tragediae.
1026 1040 1233 1093 dignitate
1273 1039 1537 1088 alienissima,
1577 1038 1673 1079 licet

143 1106 359 1160 Euripides
404 1106 586 1147 mulieris
633 1107 788 1148 formae
838 1107 1116 1160 praestantiae
1170 1106 1433 1148 celebrandae
1484 1118 1673 1147 nonnun-

144 1187 268 1228 quam
305 1174 509 1216 studuerit
550 1174 619 1227 (cf.
653 1175 825 1216 Bartsch
859 1175 884 1216 1,
919 1175 945 1215 l.
979 1188 1015 1227 p.
1050 1175 1132 1226 22).
1202 1174 1344 1227 Neque
1374 1174 1416 1214 in
1450 1173 1673 1226 Hippolyto

144 1241 370 1295 quidquam
391 1241 626 1282 huiusmodi
641 1242 870 1288 invenitur3
902 1242 1109 1283 invenitur
1130 1242 1172 1281 in
1194 1240 1421 1295 hypothesi.
1464 1240 1671 1281 Nimirum

145 1308 443 1350 Alexandrinos
474 1309 653 1361 corporis
688 1309 1037 1361 pulchritudinem
1074 1309 1248 1350 libenter
1286 1307 1542 1361 praedicasse
1583 1319 1674 1347 cum

145 1376 319 1426 constat,
364 1376 453 1416 tum
493 1376 633 1416 statim
674 1376 784 1417 ultro
822 1376 1075 1428 probabitur.
1137 1375 1307 1416 interim
1344 1374 1577 1416 memineris
1610 1386 1673 1415 me

144 1444 263 1485 antea
296 1443 520 1484 ostendisse
566 1444 622 1495 (p.
658 1442 753 1495 103)
797 1443 869 1483 1103
908 1443 1047 1495 poetas
1093 1442 1202 1484 vitae
1249 1442 1415 1483 veritati
1463 1441 1674 1482 studentes

143 1523 325 1552 amorem
355 1510 594 1563 plerumque
623 1511 822 1563 tanquam
861 1523 905 1551 ex
943 1510 1030 1562 ipsa
1072 1510 1200 1551 animi
1232 1509 1446 1550 affectione
1477 1508 1670 1561 progigni

143 1577 304 1619 finxisse
333 1577 501 1619 Veneris
532 1577 721 1630 partibus
754 1576 926 1627 omissis,
974 1577 1088 1617 cuius
1128 1577 1235 1617 vices
1276 1576 1359 1616 iam
1391 1575 1550 1616 iuvenis
1582 1575 1674 1627 pul-

144 1644 431 1697 chritudinem,
479 1656 583 1697 quae
623 1644 838 1685 libidinem
878 1643 1169 1693 inflammaret,
1214 1644 1320 1684 tueri
1352 1644 1673 1684 consentaneum

144 1712 243 1753 erat.
304 1711 367 1752 Ab
404 1711 466 1752 1113
502 1711 634 1764 igitur
671 1711 813 1764 utique
850 1711 936 1752 stat
969 1710 1133 1752 Seneca.
1192 1710 1339 1751 Nescio
1376 1723 1428 1751 an
1465 1710 1591 1751 etiam
1631 1709 1674 1749 111

144 1791 202 1827 eo,
247 1779 355 1832 quod
386 1778 660 1831 Hippolytum
691 1790 908 1819 novercam
939 1778 1165 1831 fugientem
1199 1778 1320 1830 fingit
1361 1776 1580 1818 manifesto
1622 1776 1673 1817 ab

145 1846 339 1899 Euripide
366 1845 554 1887 recedens
585 1846 653 1898 (cf.
677 1858 799 1898 supra
822 1858 858 1898 p.
879 1846 974 1893 42);
1006 1845 1174 1886 eandem
1206 1846 1348 1899 fugam
1380 1844 1674 1886 commemorat

144 1913 393 1954 Plutarchus
429 1912 474 1963 (l.
506 1912 550 1962 l.)
581 1913 621 1953 et
653 1912 700 1953 de
732 1911 872 1953 Cauno
904 1924 1083 1953 sororem
1114 1912 1344 1953 detestante
1374 1912 1482 1953 idem
1524 1911 1674 1953 cecinit

136 1980 393 2021 Nicaenetus
415 1980 483 2029 (cf.
522 1993 643 2033 supra
677 1993 712 2033 p.
747 1980 830 2034 69).
877 2005 931 2009 —
977 1979 1245 2032 Singulorum
1285 1979 1537 2020 examinatio
1572 1979 1672 2019 item

145 2046 434 2089 Alexandriam
468 2060 538 2088 nos
568 2048 697 2089 reicit.
758 2047 920 2088 Etenim
954 2047 1243 2088 Alexandrinis
1276 2047 1451 2087 maxime
1494 2046 1671 2087 siderum

143 2114 296 2155 similia
319 2114 373 2166 (v.
393 2115 472 2156 743
490 2117 567 2168 sq.)
590 2115 632 2155 in
664 2115 820 2156 deliciis
852 2115 975 2156 fuisse
1006 2114 1244 2161 videntur13
1277 2115 1316 2154 et
1347 2126 1486 2154 eorum
1519 2113 1673 2154 doctri-

144 2195 238 2224 nam
271 2183 483 2236 artemque
520 2183 672 2236 pariter
708 2183 815 2236 sapit
853 2182 922 2224 ille
955 2183 1159 2234 Hesperus
1190 2181 1379 2234 idemque
1411 2180 1573 2221 Lucifer
1618 2183 1672 2229 (v.

145 2249 222 2290 751
242 2252 346 2303 sq.)²
367 2252 406 2292 et
426 2251 678 2304 comparatio
697 2263 789 2291 cum
807 2250 904 2302 deis,
923 2262 1097 2302 quorum
1116 2249 1270 2302 figuras
1291 2262 1355 2290 ars
1376 2246 1672 2301 praeformavit

145 2316 202 2370 (v.
224 2317 303 2358 753
321 2329 378 2370 sq.
401 2318 481 2358 800
498 2319 615 2370 sq.)3.
653 2317 796 2370 Neque
827 2314 976 2358 dubito‘
1003 2316 1273 2357 adnumerare
1303 2315 1418 2356 illam
1451 2315 1675 2366 choripar-

285 2521 296 2540 ¹
324 2520 375 2555 Cf.
411 2521 534 2565 Apoll.
569 2520 690 2554 Rhod.
724 2521 814 2565 Arg.
848 2520 875 2562 Ι,
909 2521 977 2553 774
1018 2531 1069 2563 sq.
1110 2518 1175 2561 ΙΙΙ,
1201 2519 1280 2552 957.
1341 2517 1482 2551 Musaei
1516 2516 1601 2550 Her.
1638 2519 1675 2550 et

145 2580 282 2614 Leand.
309 2581 365 2614 22.

279 2640 292 2659 2
320 2638 371 2673 Cf.
399 2638 574 2682 Apollod.
601 2641 683 2681 περὶ
710 2638 809 2672 θεῶν
834 2637 902 2682 frg.
932 2639 963 2670 2.
991 2637 1145 2671 Mueller
1170 2636 1211 2670 F.
1239 2636 1283 2669 H.
1309 2635 1350 2669 G.
1377 2635 1392 2669 Ι
1418 2646 1454 2679 p.
1481 2635 1561 2667 428.
1591 2633 1670 2668 Cal-

145 2699 292 2732 limach.
325 2698 411 2733 Hec.
444 2697 514 2743 frg.
548 2699 603 2732 52.
656 2697 727 2731 Cir.
757 2697 837 2731 352.
890 2696 1020 2730 Catuli.
1050 2695 1164 2739 LXII,
1193 2697 1247 2728 35.
1298 2695 1435 2729 Cinnae
1468 2693 1540 2739 frg.
1575 2695 1596 2727 8
1631 2692 1674 2726 L.

147 2757 194 2792 M.
222 2757 324 2791 alios.

286 2814 300 2833 3
327 2814 378 2849 Cf.
405 2814 535 2849 Rohde
561 2814 583 2848 l.
612 2815 635 2848 l.
663 2826 698 2858 p.
728 2815 794 2848 155
821 2826 873 2858 sq.
922 2813 1064 2848 Intonsi
1090 2812 1277 2857 Apollinis
1302 2811 1511 2856 Bacchique
1538 2809 1673 2844 crines:

147 2873 283 2908 Tibull.
309 2874 337 2919 1,
364 2876 395 2909 4.
422 2875 467 2908 37
494 2885 565 2919 sq.;
592 2873 637 2908 cf.
665 2872 730 2909 Ov.
758 2873 845 2908 Met.
872 2872 936 2917 ΙΙΙ,
963 2873 1043 2906 421.
1094 2873 1219 2906 Amor.
1246 2871 1275 2917 1,
1305 2872 1357 2906 14.
1385 2871 1426 2904 31
1457 2881 1508 2915 sq.
