1912 3310
803 196 845 230 31

60 308 139 349 Leo
170 307 448 349 existumavit.
498 307 673 348 idoneus
705 308 848 347 auctor
877 319 1016 347 rursus
1053 307 1223 348 Ovidius
1254 308 1313 348 est
1345 308 1580 361 Euripidem

60 374 164 416 talia
196 385 276 414 non
306 373 549 426 neglexisse3
579 386 674 414 nam
708 373 895 414 Phaedra
927 373 1069 414 scribit
1099 385 1135 413 v.
1168 374 1239 413 87:

296 439 404 491 Quid
434 439 551 481 iuvat
581 440 786 481 incinctae
813 439 950 480 studia
981 452 1161 481 exercere
1191 439 1348 480 Dianae

392 506 433 547 et
462 507 611 547 Veneri
642 519 832 547 numeros
862 507 1056 559 eripuisse
1088 509 1211 547 suos?
1238 508 1260 547 ¹.

58 574 227 618 Nutrici
273 572 406 627 igitur
445 573 486 613 in
516 573 624 613 hunc
653 573 820 614 modum
852 573 1160 626 argumentanti
1191 573 1277 613 iure
1308 572 1583 614 adscribemus

59 642 138 696 frg.
167 641 268 683 431:

285 701 325 747 οἳ
357 702 434 760 γὰρ
469 701 645 757 Κύπριν
677 706 909 761 φεύγοντες
938 699 1192 758 ἀνθρώπων
1221 699 1324 759 ἄγαν

282 773 455 814 νοσοῦσ’
489 768 653 824 ὁμοίως
684 776 778 821 τοῖς
803 766 907 826 ἄγαν
937 772 1223 826 θηρωμένοις.

59 841 217 883 Deinde
249 853 329 882 non
361 852 626 893 praepropere
670 840 897 881 coniectare
928 840 1067 881 videor
1096 839 1384 891 Aristophanis
1408 837 1584 878 Ἅόικον

58 909 320 961 voluptatum
368 906 652 948 blandimenta
701 906 849 947 vividis
895 907 1098 947 coloribus
1143 906 1427 959 depingentem
1463 905 1581 946 hasce

59 975 232 1017 nutricis
263 975 372 1016 artes
403 974 637 1015 cavillando
669 974 864 1026 respicere
895 974 1002 1015 Nub.
1035 987 1071 1014 v.
1104 974 1206 1014 1071
1240 985 1325 1025 sq.:

170 1040 331 1093 σκέψαι
361 1040 454 1094 γάρ,
486 1031 520 1081 ὦ
552 1037 786 1093 μειράκιον,
820 1039 863 1081 ἐν
888 1042 950 1095 τῷ
982 1042 1227 1095 σωφρονεῖν
1257 1035 1431 1080 ἅπαντα

169 1104 550 1164 ἅνεστινᾋὴὄονιῦν
580 1107 625 1148 θ’
660 1103 776 1149 ὅσων
806 1107 974 1160 μέλλεις
1003 1102 1364 1159 ἀποστερεῖσθαι,

173 1175 355 1223 παίδων,
385 1175 606 1229 γυναικῶν,
640 1172 873 1227 κοττάβων,
907 1168 1046 1228 ὄψων,
1080 1174 1241 1223 πότων,
1276 1173 1514 1224 καχασμῶν.

60 1243 318 1286 Subaudisne
365 1243 501 1284 lenam
553 1242 776 1295 pudicitiae
822 1243 1103 1283 insidiatorem
1162 1241 1354 1282 caelibem
1398 1240 1583 1280 iuvenem

58 1311 101 1352 in
131 1310 286 1364 gaudia
323 1310 408 1351 vini
439 1310 690 1362 Venerisque
729 1310 881 1350 illicere
913 1310 1128 1350 conantem
1161 1307 1271 1361 (Sen.
1304 1320 1340 1347 v.
1367 1306 1448 1346 444
1478 1303 1584 1357 sq.)?

60 1377 169 1419 Nam
199 1377 310 1419 haud
340 1377 513 1419 fortuito
545 1377 754 1429 stuprator
785 1376 853 1417 ille
874 1376 1021 1416 incidit
1048 1376 1089 1415 111
1118 1373 1166 1414 τὸ
1193 1375 1449 1428 σωφρονεῖν,
1482 1372 1586 1423 Hip-

60 1445 192 1499 polyti
250 1444 459 1497 propriam
516 1444 725 1485 virtutem.
818 1443 1097 1484 Consimiliter
1148 1443 1286 1483 autern
1342 1441 1465 1492 atque
1516 1439 1586 1479 ille

61 1511 243 1565 procedit
283 1511 334 1554 ad
371 1513 545 1553 naturae
587 1511 870 1552 necessitatem
913 1506 1006 1562 (κτὰς
1044 1509 1123 1563 τῆς
1170 1505 1348 1564 φύσεως
1403 1499 1586 1559 οἷνάγκας

61 1592 96 1620 v.
131 1577 255 1632 1075)
286 1579 424 1620 nutrix
454 1578 589 1632 pergit
616 1578 706 1620 Seu.
741 1591 776 1619 v.
814 1566 1009 1631 451'sq.:
1037 1575 1215 1630 ‘propria
1246 1575 1459 1627 descripsit
1489 1575 1585 1615 deus

61 1646 208 1689 Officia
259 1647 298 1688 et
336 1659 481 1688 aevum
530 1658 600 1699 per
647 1658 738 1687 31103
770 1645 887 1686 duxit
930 1644 1091 1697 gradus‘
1134 1657 1164 1685 e.
1205 1656 1242 1696 q.
1281 1643 1350 1683 s.2.
1406 1634 1587 1690 ’Ἀδικος

59 1714 234 1767 denique
292 1714 575 1755 moechantem
635 1713 685 1754 ad
735 1713 874 1753 Iovem
930 1723 1149 1765 provocare
1213 1710 1326 1750 iubet
1375 1722 1412 1750 v,
1467 1709 1586 1760 1080,

62 1793 182 1834 quem
214 1780 398 1822 Phaedra
430 1780 574 1821 laudat
605 1780 712 1832 apud
745 1779 937 1821 Senecam
972 1792 1008 1820 v.
1040 1778 1129 1827 187,
1162 1777 1299 1817 nutrix
1328 1775 1434 1828 apud
1465 1775 1586 1815 Euri-

59 1848 195 1901 pidem
236 1860 274 1889 ν.
305 1848 399 1889 453.
469 1848 643 1888 Perorat
688 1847 757 1888 ille
798 1860 834 1888 v.
870 1847 990 1887 1082:
1052 1843 1191 1885 καίτοι
1238 1839 1288 1884 σύ
1334 1837 1496 1896 θνητὸς
1526 1836 1586 1881 ὢν

59 1916 176 1956 θεοῦ
198 1914 296 1964 πῶς
315 1914 464 1967 μεῖζον
484 1909 536 1954 ἂν
556 1909 724 1962 demum
757 1916 803 1954 ut
826 1914 963 1954 nutrix
989 1913 1083 1953 Eur.
1102 1911 1196 1964 Hip.
1215 1911 1296 1950 474
1319 1922 1398 1962 sq.:
1431 1909 1479 1949 οὐ
1509 1904 1585 1961 γὰρ

59 1975 163 2023 ἄλλο
194 1981 309 2037 πλήν
335 1977 459 2034 ὕβρις
484 2006 534 2010 ——
555 1977 646 2022 τάδ’
681 1979 782 2030 ἕσῑί,
815 1980 999 2033 κρείσσω
1033 1974 1248 2031 δαιμόνων
1281 1970 1387 2017 εἶναι
1417 1974 1585 2016 θέλειν.

62 2049 317 2091 Ornamenta
343 2049 508 2102 quidem
540 2049 661 2089 huius
692 2048 784 2098 loci,
818 2061 921 2101 quae
952 2047 1003 2088 ad
1035 2047 1247 2099 vulgarem
1270 2043 1587 2097 popularemque

64 2116 345 2158 Romanorum
391 2128 551 2157 sensum
593 2115 904 2157 accommodata
951 2115 1057 2164 sunt,
1104 2114 1150 2153 ut
1187 2111 1360 2165 agrestis
1401 2110 1508 2150 vitae
1539 2120 1587 2149 ac

65 2183 294 2225 venationis
325 2183 478 2236 gaudia
510 2183 596 2224 fuse
631 2183 834 2236 descripta
872 2183 911 2223 et
942 2194 1088 2223 aureae
1124 2179 1272 2221 aetatis
1308 2176 1587 2218 felicissimam

64 2250 343 2292 condicionem
387 2250 548 2291 tumida
594 2250 772 2303 quadam
816 2249 1008 2302 loquendi
1055 2246 1297 2300 profluentia
1337 2244 1585 2291 exornatam,

62 2315 237 2359 Senecae
257 2316 444 2358 officinae
466 2329 547 2357 non
568 2317 739 2370 gravate
776 2316 948 2369 largior,
988 2314 1226 2368 praesertim
1250 2324 1341 2352 cum
1373 2310 1423 2351 ad
1458 2308 1584 2350 versi-

63 2384 239 2425 colorem
281 2384 393 2425 illius
439 2384 590 2425 aetatis
634 2383 946 2436 descriptionem
993 2381 1153 2435 tragico
1198 2381 1339 2432 poetae
1384 2376 1586 2429 elegiae-us

64 2449 235 2491 Ovidius
257 2451 410 2492 colores
431 2457 594 2493 mutuos
611 2450 810 2502 dederit33
845 2449 1032 2503 quamvis
1054 2449 1172 2489 huius
1194 2445 1353 2500 generis
1375 2442 1587 2496 pigmenta

200 2574 212 2594 ¹
244 2573 282 2607 Si
296 2573 431 2608 Seneca
457 2574 554 2608 huno
572 2575 691 2619 ipsum
711 2574 834 2608 Ovidii
860 2575 979 2608 locum
999 2576 1085 2607 ante
1112 2573 1235 2606 0011103
1262 2572 1461 2612 habuisset,
1489 2575 1587 2607 certe

65 2643 139 2667 non
167 2632 340 2677 lepidam,
367 2644 477 2677 quam
505 2634 567 2667 ille
594 2633 768 2675 adnectit,
794 2633 1052 2667 sententiolam
1079 2631 1315 2676 neglexisset:

330 2691 436 2734 Quod
461 2695 562 2726 caret
588 2692 731 2726 alterna
757 2692 895 2735 requie,
919 2691 1089 2724 durabile
1115 2702 1188 2724 non
1215 2693 1289 2733 est;

461 2750 553 2785 haec
578 2754 729 2795 reparat
753 2751 850 2784 vires
877 2749 1043 2793 fessaque
1069 2749 1233 2783 membra
1258 2751 1383 2783 novat.

200 2808 214 2828 ²
241 2808 411 2843 Phaedra
437 2809 526 2844 item
553 2807 595 2843 τὰ
622 2807 801 2853 ἀναγκαῖα
827 2808 1013 2853 praetexit
1038 2807 1107 2852 frg.
1135 2808 1215 2841 436.

201 2867 215 2887 ⁸
241 2867 402 2902 Easdem
428 2868 628 2903 sententias
655 2867 818 2902 invenies
846 2867 911 2902 Ov.
931 2868 1055 2900 Amor.
1082 2865 1147 2910 ΙΙΙ,
1161 2867 1192 2899 8.
1209 2866 1252 2899 35
1269 2876 1320 2908 sq.
1350 2863 1420 2898 Sed
1438 2867 1585 2908 praeter
