1912 3310
841 178 886 211 47

107 291 302 333 accurate
324 291 569 343 exprimunt,
602 292 709 344 quod
726 292 865 332 Venus
886 291 928 332 in
949 291 1165 345 Hippolyti
1185 294 1354 346 prologo
1376 293 1424 334 de
1447 292 1633 335 Phaedra

103 358 189 400 acri
221 357 419 399 desiderio
450 358 612 410 tepente
645 359 788 399 narrat
821 370 858 398 v.
891 359 943 398 29
973 370 1054 410 sq.:

301 433 372 475 καὶ
403 434 506 487 πρὶν
535 434 613 487 μὲν
644 433 793 476 ἐλθεῖν
822 435 947 490 τήνδε
978 436 1052 492 γῆν
1088 433 1349 489 Τροιζηνίαν,

303 500 465 552 πέτραν
497 501 596 553 παρ’
631 495 772 554 αὗτήν
803 498 1032 551 Παλλάδος
1062 498 1279 553 κατόψιον

300 567 376 624 γῆς
405 567 534 620 τῆσδε
558 564 667 607 ’ναὸν
699 564 927 621 Κύπριδος
961 568 1257 622 {ymaginum

302 633 427 687 ἑρῶσ’
462 631 588 686 ἔρωτ’
623 632 821 689 ἔκδηλον·
880 632 1130 690 Ἱππολύτῳ
1160 635 1196 676 δ’
1230 633 1305 677 ἔπι

302 698 352 742 τὸ
383 698 541 743 λοιπὸν
572 698 791 755 (ὀνόμαζεν
823 699 1029 756 ἱδρῦσθαι
1064 697 1186 745 θεάν.

103 780 164 822 De
194 780 339 833 templi
370 781 533 822 nomine
566 781 758 822 credibile
783 782 1125 822 commentarium
1147 782 1379 823 adhibitum
1402 795 1503 830 esse;
1535 796 1630 824 nam

100 846 253 888 similia
284 847 509 888 etiamnum
532 847 573 887 in
597 847 762 888 scholiis
784 848 839 898 (v.
862 848 932 898 30)
954 847 1169 900 leguntur:
1202 844 1378 888 ἐκάλεσε
1401 847 1446 889 δὲ
1467 842 1631 904 Ἀφρο-

102 913 221 968 δίτην
252 912 318 968 ἐφ’
350 909 600 967 Ἱππολύῖῳ
623 913 648 962 ¹,
696 906 746 968 ἣν
787 912 857 954 καὶ
896 909 1173 953 Ἱππολυῑίαν
1214 914 1436 956 uastos-042.
1496 916 1631 957 Venus

102 982 240 1022 autem
272 981 407 1034 pergit
437 993 474 1022 V.
498 981 570 1021 34:
604 979 700 1021 ἐπεὶ
732 980 778 1021 δὲ
808 976 1046 1034 Θησεύςι-
1064 977 1188 1035 τήνδε
1220 978 1294 1022 σίν
1324 979 1504 1034 δάμαρτι
1535 998 1632 1023 ναυ-

103 1047 252 1089 στολεῖ
281 1044 422 1100 χθόνα
452 1055 508 1100 (v.
541 1049 633 1099 36),
672 1048 811 1089 eodem
843 1047 962 1089 modo
995 1048 1278 1101 Asclepiades:
1320 1044 1382 1097 «εἰς
1418 1049 1631 1103 Τροιζῆνα

102 1114 148 1157 δὲ
191 1111 371 1168 ὕστερον
416 1114 740 1168 παραγενομένη
786 1114 872 1155 κτλ.
936 1115 1085 1156 Versus
1131 1115 1293 1168 quidem
1339 1116 1431 1157 illos
1465 1117 1629 1158 29—33

101 1183 177 1230 hoc
214 1183 303 1225 loco
347 1183 399 1224 ab
437 1182 633 1235 Euripide
672 1182 844 1235 scriptos
886 1195 969 1223 esse
1012 1182 1090 1223 viri
1133 1183 1242 1223 docti
1279 1183 1394 1236 quasi
1435 1196 1514 1225 uuo
1561 1197 1628 1225 ore

104 1250 357 1303 negaverunt
371 1253 398 1301 ³,
445 1263 468 1291 a
507 1250 655 1303 quibus
693 1249 762 1302 qui
801 1262 880 1290 non
922 1250 1017 1299 stat,
1066 1262 1154 1291 eum
1189 1263 1290 1303 nego
1323 1251 1447 1292 sobrii
1486 1251 1629 1293 iudicii

103 1330 198 1359 esse.
265 1316 514 1370 Supersedeo
560 1317 697 1357 autem
742 1316 1004 1357 decantatam
1055 1317 1335 1369 quaestionem
1380 1320 1627 1373 singillatim

101 1384 336 1426 retractare.
398 1383 620 1425 Offendunt
651 1384 811 1436 praeter
842 1396 982 1424 sensus
1015 1396 1093 1424 non
1125 1384 1260 1425 minus
1297 1386 1384 1439 ipsa
1416 1388 1550 1438 verba,
1581 1388 1629 1430 de

102 1451 249 1505 quibus
270 1451 475 1493 Wheeleri
506 1450 825 1503 disputationem
859 1451 1067 1503 consulas3
1105 1452 1175 1504 qui
1207 1452 1383 1505 quidem,
1416 1467 1506 1496 cum
1539 1467 1629 1496 ver-

101 1530 191 1559 sum
222 1518 273 1559 29
304 1530 449 1560 sanum
481 1530 565 1559 esse
596 1518 829 1566 contendat,
871 1519 1102 1571 suspicatur
1132 1514 1488 1572 ‘interpolatorem
1521 1522 1628 1563 hunc

101 1596 265 1626 versum
286 1585 337 1626 ab
359 1584 584 1638 Hippolyto
604 1584 750 1625 Velato
778 1586 1016 1626 mutuatum
1049 1598 1131 1627 esse
1161 1586 1383 1639 integrum,
1415 1587 1628 1639 sequentes

101 1651 267 1692 30—33
312 1651 485 1692 fortasse
532 1644 800 1692 decurtatos'.
871 1651 1021 1692 Mirum
1067 1652 1142 1693 hoc
1185 1652 1380 1705 effugium
1427 1653 1466 1693 et
1512 1652 1629 1693 valde

100 1717 355 1770 suspectum
396 1717 622 1758 debuerunt
653 1718 759 1759 enim
791 1717 843 1758 ad
872 1718 1099 1759 sanandum
1139 1719 1236 1771 apta
1265 1719 1449 1771 proferri.
1498 1719 1627 1769 Adde,

103 1782 211 1836 quod
251 1783 350 1824 haec
394 1784 628 1825 coniectura
672 1785 780 1826 stare
822 1785 975 1837 nequit,
1021 1785 1054 1825 si
1100 1785 1221 1826 antea
1263 1787 1370 1826 recte
1420 1785 1627 1838 disputavi

101 1850 321 1904 Hippolyti
351 1850 488 1892 Velati
532 1863 720 1892 scaenam
754 1852 927 1893 Athenis
968 1851 1104 1892 fuisse.
1179 1851 1257 1893 Sed
1302 1854 1348 1892 ut
1392 1853 1626 1903 er1·averIm‚

101 1917 240 1958 tamen
272 1917 349 1958 tibi
379 1930 460 1958 non
490 1918 704 1971 continget
736 1918 871 1959 locum
904 1918 1114 1971 indagare,
1161 1931 1281 1971 quem
1318 1919 1357 1959 hi
1389 1932 1525 1960 versus
1557 1920 1628 1960 ob-

100 1984 231 2026 tinere
260 1985 483 2037 potuerint.
542 1985 652 2026 Nam
683 1985 717 2026 si
748 1986 953 2026 servatam
986 1985 1256 2039 Hippolytum
1289 1998 1456 2038 semper,
1489 1986 1535 2026 ut
1555 1999 1628 2038 par

239 2139 251 2158 ¹
277 2139 356 2174 Hoc
386 2151 521 2174 nomen
552 2151 649 2174 nunc
682 2140 774 2184 lapis
807 2142 967 2174 testatur
997 2140 1036 2173 in
1067 2151 1152 2174 arce
1186 2139 1232 2174 ad
1266 2139 1539 2174 Parthenonem
1574 2140 1628 2174 in-

103 2199 252 2242 ventus;
279 2197 324 2232 cf.
352 2197 550 2232 Kirchhoff
574 2198 610 2232 O.
641 2198 665 2232 1.
691 2200 734 2232 A.
759 2198 776 2232 Ι
801 2210 859 2232 no.
886 2199 965 2232 212.

235 2257 248 2276 ‘¹
276 2256 463 2291 Historiae
497 2257 678 2291 fabularis
716 2257 942 2301 compendiis
978 2256 1168 2301 adspersas
1201 2268 1277 2291 esse
1312 2256 1437 2290 doctas
1475 2256 1627 2290 adnota-

103 2313 222 2348 tiones
248 2326 292 2349 ex
318 2319 610 2350 commentatore
639 2319 781 2360 poetae,
809 2327 916 2359 quem
935 2315 1160 2358 describunt,
1187 2315 1423 2359 depromptas
1443 2315 1626 2349 Schwartz

103 2372 142 2406 in
176 2372 434 2408 dissertatione
467 2374 512 2408 de
546 2374 693 2417 Dionys.
727 2373 964 2417 Scytobrach.
1000 2374 1136 2418 passim
1169 2374 1297 2418 evicit3
1341 2374 1387 2408 cf.
1420 2374 1496 2408 eius
1530 2385 1626 2409 com·

105 2431 370 2466 mentationem
396 2432 442 2466 de
468 2432 581 2467 schol.
608 2433 712 2467 Hom.
739 2445 773 2477 p.
801 2434 880 2467 449.

238 2489 251 2510 ³
277 2490 420 2525 Primus
456 2494 512 2526 est
545 2491 644 2526 Jahn
691 2491 860 2534 (Hermes
887 2491 919 2525 II
947 2503 980 2535 p.
1009 2491 1107 2534 249),
1144 2491 1237 2525 alter
1275 2489 1445 2525 Schliack
1480 2491 1626 2534 (Philol.

103 2547 242 2583 XXXV
276 2560 313 2593 p.
342 2550 435 2593 707).
499 2549 597 2592 Quos
629 2550 746 2584 miror
772 2550 1020 2592 VVheelerum,
1060 2561 1142 2583 cum
1176 2549 1255 2583 fuse
1287 2548 1385 2583 hunc
1415 2549 1536 2583 locum
1572 2561 1626 2584 re-

103 2608 285 2641 tractaret
313 2607 352 2650 (1.
378 2607 403 2640 1.
430 2619 463 2651 p.
482 2609 527 2640 44
554 2609 630 2651 sq.)‚
655 2619 729 2642 non
756 2608 912 2642 novisse.
941 2627 982 2632 —
1010 2607 1299 2651 Adstipulantur
1321 2610 1515 2652 praeterea
1538 2608 1627 2642 Bar-

103 2664 212 2699 thold
236 2665 274 2699 in
295 2665 350 2699 ed.
382 2668 419 2700 et
436 2666 692 2711 Klinkenberg
708 2666 767 2709 (de
786 2665 914 2710 Eurip.
933 2666 1027 2709 prol.
1055 2668 1122 2699 art.
1150 2668 1187 2699 et
1213 2665 1346 2709 interp.
1375 2677 1408 2710 p.
1428 2667 1496 2709 12).
1525 2667 1627 2701 Gloel

103 2721 143 2767 (1.
169 2723 193 2757 1.
218 2734 254 2768 p.
281 2723 342 2767 59)
370 2735 404 2758 v.
430 2724 566 2757 29—31
596 2723 795 2758 defendens
834 2736 908 2757 non
941 2723 1036 2757 vidit
1067 2723 1241 2757 extremis
1267 2724 1432 2758 versibus
1468 2724 1625 2768 demptis

104 2781 292 2825 prioribus
324 2793 548 2825 mucronem,
591 2785 631 2816 ut
670 2782 723 2815 ita
760 2782 892 2825 dicam,
936 2781 1108 2826 defringi.
1166 2783 1259 2816 Arte
1297 2782 1394 2816 enim
1431 2782 1626 2817 cohaerere

104 2839 267 2884 quinque
292 2851 419 2875 versus
443 2840 616 2875 Wheeler
641 2841 905 2885 circumspecte
930 2840 1114 2885 probavit.
