1912 3310
1050 214 1095 250 94

311 329 551 371 Simaetha?
599 324 765 381 Φράζεό
796 343 876 380 μευ
907 324 983 368 τὸν
1014 324 1151 381 ἐρωθ’
1185 322 1294 368 ὅθεν
1319 326 1457 369 ἳκετοῐ
1517 328 1679 382 Aspicit
1700 327 1837 381 puella

308 396 351 437 in
392 408 564 448 pompae
600 395 833 448 spectaculo
871 395 1048 448 Delphin
1092 397 1216 448 atque
1253 396 1301 436 ut
1340 395 1458 445 vidit,
1503 397 1550 437 ut
1591 395 1762 437 insaniit
1797 408 1834 437 v.

312 463 362 504 77
393 475 451 516 sq.
512 462 699 504 Phaedra
734 463 971 516 privignum
1013 463 1064 505 ad
1106 463 1303 517 mysteria
1335 462 1836 515 celebranda.pr0fectum

309 531 487 584 primum
520 529 695 582 deperit3
727 543 807 582 qua
835 530 878 570 in
910 543 952 571 re
983 530 1139 572 multus
1171 531 1233 572 est
1250 530 1421 572 Ovidius
1439 530 1552 579 (Her.
1571 530 1640 580 IV,
1675 530 1726 571 67
1743 528 1835 582 sq.)‚

309 598 468 651 parcior
501 597 716 649 Euripides
748 596 864 649 (Hip.
896 597 949 637 24
975 598 1065 650 sq.).
1127 598 1230 639 Nolo
1274 597 1438 650 quidem
1480 597 1700 638 admodum
1747 609 1838 650 pre-

309 678 416 706 mere
438 665 525 714 hoc,
559 665 655 717 quia
677 664 829 706 similia
851 665 893 705 in
926 664 1078 706 fabulis
1108 665 1323 707 amatoriis
1351 666 1435 706 iam
1464 665 1558 706 inde
1589 665 1639 706 ab
1656 664 1836 707 Homero

307 732 574 774 inveniuntur
593 733 615 772 ¹.
638 756 686 760 —
710 731 966 773 Simaetham
984 732 1194 774 ardentem
1228 733 1393 774 morbus
1424 732 1642 786 consumit,
1674 733 1837 773 decum-

307 800 369 841 bit
398 799 440 839 in
471 798 576 840 lecto
609 797 745 840 decem
777 798 862 839 dies
891 800 930 840 et
960 798 1094 840 decem
1126 800 1281 850 noctes3
1315 812 1459 852 corpus
1490 799 1717 850 marcescit,
1750 799 1836 841 sola

308 878 398 907 ossa
446 866 485 907 et
527 865 644 918 pellis
687 865 977 918 relinquuntur
1023 879 1058 907 v.
1096 867 1147 907 85
1185 878 1244 919 sq.
1318 865 1473 908 Chorus
1507 866 1751 919 Euripideus
1788 865 1837 906 de

307 932 495 974 Phaedra
525 931 816 973 confabulatur
847 945 882 974 v.
920 933 998 974 1:29
1016 946 1096 986 sq.:
1129 928 1240 974 ὅθεν
1263 948 1337 985 μοι
1366 932 1370 986 Ι
1398 929 1554 984 πρώτα
1575 929 1704 988 φάτις
1727 923 1835 988 ἦλθε

307 998 540 1040 δέσποιναν
567 1000 571 1049 Ι
601 998 848 1051 ῖειρολιιέναν
866 1001 1024 1056 ιόσερᾴ
1050 999 1055 1051 Ι
1082 998 1206 1055 κοίτᾳ
1224 998 1355 1052 δέμας
1373 996 1492 1049 ἐντὸς
1513 996 1624 1051 ἔχειν
1643 999 1648 1052 Ι
1668 994 1835 1040 oi'zwv2.

307 1067 464 1108 Narrat
498 1066 642 1108 deinde
672 1067 842 1108 tertium
882 1068 965 1109 iam
1000 1068 1108 1108 dien]
1148 1080 1237 1109 eam
1276 1079 1437 1108 omnem
1475 1067 1610 1108 cibum
1650 1079 1837 1121 respuere

308 1135 362 1186 (v.
397 1135 474 1174 135
506 1146 564 1186 sq.
599 1133 648 1175 Cf.
677 1147 712 1175 V.
740 1135 852 1186 275),
885 1135 988 1175 scire
1021 1134 1111 1175 vult
1145 1148 1180 1175 V.
1210 1134 1307 1175 174:
1350 1133 1390 1173 τί
1421 1129 1647 1188 δεδήληται
1675 1136 1679 1184 Ι
1706 1132 1838 1187 δέμας

306 1195 543 1253 ςέλλόχροον
571 1200 803 1252 βασιλείας,
837 1201 1039 1243 exclamat
1070 1215 1106 1243 v.
1128 1202 1226 1242 274:
1261 1200 1321 1250 οἷς
1351 1194 1534 1242 ἀσθενεῖ
1564 1216 1609 1241 τε
1639 1200 1709 1242 καὶ
1738 1216 1837 1242 κατ-

306 1267 472 1320 έξανται
502 1266 643 1320 deneg.
705 1268 917 1310 Simaetha
961 1270 1097 1310 autem
1131 1269 1230 1310 haec
1274 1269 1452 1311 subtexit
1488 1283 1525 1311 v.
1557 1270 1609 1310 90
1640 1282 1720 1323 sq.:
1765 1267 1837 1309 καὶ

307 1336 349 1386 ἐς
388 1335 503 1385 τίνος
545 1336 620 1376 οὖν.
662 1334 853 1388 ἐπέρασσε
888 1336 892 1388 Ι
931 1331 959 1390 ἦ)
1002 1335 1134 1385 ’,τοίας
1176 1333 1329 1378 ἔλαιον
1366 1335 1514 1390 γραίας
1551 1333 1698 1390 δόμον,
1742 1332 1836 1386 ἅτις

307 1400 494 1460 {agidam
540 1403 748 1444 Nimirum
780 1405 988 1457 pugnarat
1020 1406 1162 1445 contra
1197 1417 1399 1454 amorem;
1449 1403 1518 1445 sed
1549 1404 1703 1446 frustra
1733 1403 1837 1446 leni-

305 1484 398 1512 men
430 1471 728 1524 circumspexit.
789 1471 891 1512 Item
926 1471 1112 1512 Phaedra
1144 1471 1365 1524 Euripidis,
1411 1471 1519 1523 apud
1556 1483 1676 1524 quem
1707 1484 1836 1525 neque

304 1539 616 1580 incantamenta
648 1550 777 1591 neque
807 1537 985 1579 remedia
1007 1538 1166 1591 desunt,
1199 1551 1302 1591 quae
1329 1538 1466 1579 nutrix
1488 1540 1632 1581 contra
1653 1551 1835 1581 amorem

304 1605 382 1646 sibi
413 1606 574 1658 praesto
608 1617 691 1646 esse
722 1605 965 1658 praetendit.
1027 1605 1105 1646 Sed
1128 1618 1268 1646 verum
1299 1606 1525 1647 remedium
1556 1607 1742 1648 amatum
1772 1606 1837 1647 iu-

305 1685 446 1714 venem
478 1685 573 1722 esse,
621 1673 662 1713 in
695 1685 739 1714 ea
773 1686 813 1714 re
851 1673 990 1713 nutrix
1028 1673 1067 1714 et
1103 1673 1290 1715 Phaedra
1335 1673 1418 1715 fere
1463 1686 1542 1715 non
1586 1674 1835 1715 dissentiunt

305 1741 372 1793 (cf.
405 1754 527 1794 supra
558 1754 594 1794 p.
630 1741 679 1781 15
711 1742 791 1793 sq.)
839 1739 1050 1782 Simaetha
1096 1740 1156 1782 ita
1194 1753 1231 1781 v.
1264 1741 1335 1781 95:
1386 1737 1423 1781 εἰ
1462 1740 1496 1781 ‹3’
1536 1733 1609 1794 ἒὶγε
1652 1739 1836 1782 Θέστυλί

303 1824 375 1861 μοι
409 1808 600 1860 χαλεπᾶς
630 1803 744 1849 νόσω
778 1805 880 1860 εὗρέ
910 1823 948 1848 τι
979 1809 1115 1863 μῆχος
1151 1809 1275 1861 atque
1312 1808 1393 1850 iam
1428 1804 1506 1849 τόν
1537 1803 1730 1849 Μύνδιον
1768 1822 1835 1850 ar-

303 1877 403 1918 cessi
439 1877 565 1918 iubet.
626 1875 706 1917 Sed
737 1876 1021 1929 gravissimus.
1064 1876 1135 1929 qui
1169 1876 1376 1929 praecedit
1407 1889 1546 1918 versus
1576 1876 1646 1917 94:
1691 1872 1832 1928 χοῧτω

305 1944 356 2000 τᾷ
387 1942 524 1999 δούλα
555 1939 630 1984 τὸν
661 1936 828 1984 ἀλαθέα
859 1944 1007 1995 μῦθον
1040 1940 1174 1995 ἔλεξα,
1210 1944 1353 1996 utpote
1385 1956 1503 1996 quem
1536 1956 1606 1996 per
1637 1943 1833 1985 circuitus

302 2011 464 2052 locutus
495 2011 555 2052 ita
583 2010 775 2063 explices:
808 2009 1018 2064 στέγοισα
1047 2007 1124 2066 τὴν
1156 2007 1284 2051 νόσον
1313 2010 1454 2065 χρόνῳ
1486 2007 1599 2063 πρὸς
1628 2007 1705 2066 τὴν
1734 2025 1834 2063 τρο-

303 2073 389 2132 φὸν
418 2077 606 2131 δηλῶσαι
639 2071 887 2133 ἠναγκάσθη
923 2078 1041 2131 (Arg.
1074 2078 1170 2119 Eur.
1203 2076 1331 2131 Hip).
1377 2078 1515 2130 Atque
1545 2077 1625 2119 ista
1656 2077 1833 2131 insigms

303 2246 501 2281 confictum
527 2246 575 2280 sit
602 2257 643 2280 ex
671 2246 795 2290 priore
823 2246 958 2290 aliquo,
991 2257 1073 2280 cum
1098 2249 1182 2290 post
1207 2244 1361 2279 ancillae
1390 2244 1589 2279 discessum
1619 2244 1680 2288 (cf.
1706 2257 1741 2279 v.
1768 2245 1830 2289 64)

304 2305 590 2340 fascinationum
629 2305 826 2349 apparatui
865 2305 1013 2339 omnino
1054 2316 1128 2338 non
1167 2304 1325 2348 amplius
1365 2304 1464 2338 locus
1499 2304 1564 2348 sit3
1607 2304 1718 2339 immo
1753 2305 1832 2339 sola

302 2364 409 2399 Luna
449 2364 494 2398 ab
533 2367 680 2398 amante
714 2364 868 2398 muliere
907 2364 967 2398 hio
1007 2364 1196 2408 aptissime
1228 2363 1425 2397 invocatur
1464 2362 1525 2407 (cf.
1553 2362 1672 2398 Schol.
1700 2376 1733 2398 v.
1763 2365 1831 2407 10).

303 2423 419 2458 Simul
447 2435 526 2458 cum
547 2423 683 2458 Hecate
710 2435 752 2458 eo
778 2423 859 2459 1000
876 2423 1108 2467 imploratur,
1137 2434 1210 2466 quo
1229 2423 1307 2467 ipsa
1327 2434 1430 2456 sacra
1447 2423 1592 2468 magica
1609 2422 1831 2457 inchoantur

302 2482 350 2527 (v.
381 2484 424 2516 10
450 2482 536 2527 ες,);
576 2485 688 2526 atque
721 2494 766 2517 ex
799 2482 1066 2516 commentario
1101 2481 1210 2516 huius
1238 2482 1309 2516 loci
1336 2481 1535 2516 scholiasta
1562 2494 1664 2516 suam
1694 2481 1831 2516 doctri-

301 2553 387 2575 nam
413 2541 582 2575 derivare
607 2542 742 2585 potuit.
793 2541 863 2576 Hic
888 2542 1038 2586 insuper
1066 2540 1237 2585 Sophron
1260 2541 1436 2575 laudatur
1462 2539 1598 2584 (Schol.
1627 2552 1659 2574 v.
1689 2539 1756 2584 12).

438 2602 448 2619 ¹
478 2600 530 2634 Cf.
557 2600 710 2643 Dilthey
736 2600 758 2634 1.
788 2600 812 2633 1.
839 2612 874 2644 p.
901 2601 946 2634 49
973 2612 1025 2644 sq.
1080 2599 1212 2634 Rohde
1238 2599 1263 2633 1.
1289 2600 1312 2633 l.
1338 2611 1374 2644 p.
1403 2600 1468 2633 145
1494 2611 1546 2643 sq.
1598 2600 1831 2643 Argumenta

301 2670 381 2692 inea
411 2659 462 2692 eis
488 2662 633 2692 tantum
664 2658 854 2692 debilitari
881 2670 998 2702 posse,
1026 2670 1119 2702 quae
1152 2658 1227 2692 iam
1261 2662 1346 2693 ante
1371 2658 1565 2702 Euripidis
1598 2660 1766 2701 tempora
1792 2657 1830 2690 in

300 2729 367 2751 usu
394 2717 557 2788 fuerunt,
584 2717 648 2750 vix
674 2728 764 2760 opus
793 2720 846 2750 est
875 2728 1032 2751 monere.

437 2775 770 2819 -K011150111.AE.
797 2776 973 2809 61700351
1001 2776 1098 2820 ἔχει]
1122 2775 1211 2809 libri
1235 2775 1415 2819 plerique.
1453 2774 1585 2809 Sensus
1603 2773 1830 2818 perspicuus,

301 2834 365 2868 sed
396 2834 496 2869 locus
529 2837 736 2878 001·1upt..us
790 2834 979 2868 Wecklein
1011 2834 1148 2877 (Fleck.
1177 2833 1306 2868 Jahrb.
1339 2834 1428 2868 1830
1470 2845 1507 2877 p.
1535 2834 1619 2877 385)
1654 2832 1828 2867 coniecit·

301 2895 516 2938 τειιωιιέιαι
542 2892 691 2936 ιὀσερᾶς
716 2890 827 2927 αὗται
853 2892 970 2938 δέμας
997 2890 1098 2930 ἐντὸς
1122 2894 1220 2937 ἔχεαι
1244 2896 1372 2929 κοιᾞττις
