1912 3310
1059 183 1105 217 28

320 308 488 337 manum
534 297 774 350 compilasse
827 298 890 339 vel
939 297 1032 338 inde
1082 298 1232 348 elucet,
1285 297 1392 350 quod
1449 296 1586 337 nutrix
1633 309 1743 338 eram
1794 296 1842 338 de

320 374 458 403 amore
487 363 529 403 in
561 364 797 405 universum
829 365 997 406 obscure
1027 365 1209 405 locutam
1238 363 1401 405 nomine
1441 364 1538 414 eius,
1572 376 1691 416 quem
1724 363 1843 416 depe-

320 432 421 482 reat,
466 430 645 471 nondum
678 431 860 472 indicato
899 432 1037 472 monet
1068 444 1104 471 v.
1133 432 1209 471 130
1241 443 1314 484 sq.‚
1347 431 1393 471 ut
1426 431 1602 472 nefanda
1632 431 1743 471 casto
1775 443 1844 483 pe-

321 496 432 537 ctore
453 497 652 538 exturbet.
689 497 778 538 Hoc
801 498 904 538 citra
924 509 1077 538 morem
1101 496 1246 538 Graeci
1266 497 1420 550 poetae,
1454 496 1523 550 qui
1546 497 1628 538 fere
1658 496 1710 538 ad
1742 510 1844 538 nau-

320 575 429 604 seam
464 576 590 616 usque
622 564 661 604 in
692 564 754 605 his
785 564 903 604 rebus
935 565 1150 605 accuratus
1182 564 1254 605 est.
1315 564 1454 617 Atque
1484 576 1630 616 parum
1669 564 1844 605 circum-

320 631 452 683 specte
483 631 636 673 Seneca
668 642 829 671 versum
861 631 958 670 227;
986 625 996 640 ‘
1013 630 1174 682 experta
1197 643 1360 671 saevam
1388 631 1448 671 est
1469 630 1644 671 barbara
1668 631 1845 683 Antiope
1910 622 1911 625 ¹

319 698 504 739 manum‘
539 698 690 738 nutrici
721 697 881 747 tribuit,
915 709 1005 737 cum
1041 697 1211 739 Ovidius
1245 710 1280 739 v.
1303 697 1381 738 119
1412 697 1532 738 fidem
1563 697 1691 739 faciat
1721 697 1762 738 id
1793 697 1845 738 ad

322 764 591 807 contumelias
620 764 835 817 pertinere,
881 764 1028 817 quibus
1060 763 1245 806 Phaedra
1282 764 1325 804 in
1356 764 1552 805 maritum
1584 764 1793 806 invehitur
1819 766 1843 806 ¹.

454 831 681 873 Phaedram
716 832 1031 873 marcescentem
1064 831 1262 872 desiderio
1306 832 1423 872 rebus
1468 831 1666 872 inauditis
1703 832 1846 874 incon-

319 899 478 940 stanter
522 899 796 952 effrenateque
841 898 1030 951 optandis
1068 898 1386 939 debacchantem
1435 898 1475 939 in
1522 899 1654 951 priore
1686 911 1846 952 quoque

322 965 462 1007 fabula
506 965 754 1019 descriptam
809 978 891 1006 esse
937 978 1016 1006 non
1065 967 1125 1006 est
1179 977 1250 1005 cur
1298 977 1504 1017 negemus.
1584 966 1846 1007 Valckenarii

321 1033 555 1074 coniectura
600 1033 669 1084 (ad
701 1033 796 1085 Hip.
843 1045 881 1073 v.
914 1030 1011 1086 230)
1060 1032 1093 1073 si
1138 1033 1248 1073 certa
1290 1034 1411 1086 esset,
1462 1032 1567 1073 hanc
1608 1044 1692 1072 rem
1732 1033 1846 1073 extra

320 1099 590 1140 dubitationis
628 1100 759 1141 aleam
792 1100 969 1151 poneret.
1016 1098 1254 1139 Philocleon
1286 1098 1393 1139 enim
1423 1097 1570 1152 (Arist.
1599 1098 1713 1151 Vesp.
1748 1097 1847 1151 750)

321 1166 524 1207 concitate
555 1166 702 1219 proicit
733 1167 849 1207 haec:

667 1229 725 1287 μή
759 1249 833 1286 μοι
865 1229 1032 1274 τούτων
1062 1232 1193 1286 μηδὲν
1223 1229 1449 1286 ὑπισχνοῦ,

668 1301 821 1342 κείνων
853 1298 1021 1354 ἔραμαι,
1054 1303 1175 1342 κεῖθι
1205 1299 1418 1354 γενοίμαν,

320 1368 543 1410 scholiasta
575 1368 766 1410 adnotat:
816 1367 968 1408 κείνων
1001 1365 1176 1421 ἔραμαιε
1223 1367 1269 1420 ἐξ
1299 1363 1558 1408 Ἱππολύτου
1592 1360 1846 1419 Εὕριπίόου.
1911 1406 1912 1422 ¹

320 1435 366 1476 In
394 1436 576 1477 correcta
623 1436 801 1477 editione
830 1436 928 1477 haec
959 1448 1038 1477 non
1074 1436 1292 1489 leguntur3
1324 1436 1392 1477 sed
1424 1435 1577 1477 similia
1610 1448 1645 1476 v.
1679 1435 1773 1488 230,
1807 1435 1845 1475 et
1911 1424 1912 1430 ¹

321 1503 442 1544 verbo
479 1500 633 1556 ἔραμαι
662 1503 795 1543 utitur
827 1503 1016 1544 Phaedra
1048 1516 1082 1545 v.
1116 1504 1216 1556 2193
1249 1503 1516 1556 quamobrem
1534 1502 1677 1544 Valck.
1710 1501 1846 1543 conie-

321 1570 377 1610 cit
422 1583 467 1611 ex
510 1570 656 1611 Velato
710 1571 816 1612 hunc
867 1583 1027 1612 versum
1080 1571 1255 1624 petitum
1308 1584 1402 1612 esse.
1484 1570 1596 1622 Quae
1643 1569 1847 1611 sententia

320 1637 500 1678 multum
547 1638 854 1690 probabilitatis
895 1638 1030 1690 habet,
1078 1651 1314 1692 quanquam
1357 1638 1442 1690 ipse
1479 1637 1624 1679 laudat
1669 1636 1846 1678 similem

321 1704 544 1747 Alcestidis
570 1717 731 1746 versum
763 1706 856 1756 866,
889 1706 958 1747 ubi
990 1704 1142 1745 κείνων
1161 1702 1316 1758 ἔραμαι
1347 1705 1519 1758 legitur3
1551 1704 1720 1757 accedit,
1743 1703 1850 1757 quod

321 1772 396 1813 hoc
427 1772 611 1813 scholion
659 1773 701 1814 in
733 1772 818 1814 cod.
850 1773 952 1814 Rav.
985 1772 1097 1814 deest
1120 1774 1146 1814 2.
1173 1797 1221 1801 ——
1257 1772 1510 1826 Sarcophagi
1551 1772 1690 1814 autem
1721 1771 1850 1812 Phae-

321 1932 430 1964 quam
479 1921 559 1953 arte
610 1930 754 1962 semper
797 1918 890 1952 duae
934 1918 1114 1952 editiones
1158 1918 1416 1952 cohaeserint?
1491 1918 1684 1953 Persimile
1726 1921 1849 1953 autem

322 1978 479 2013 Senecae
506 1977 629 2012 verbis
654 1980 709 2011 est
734 1977 822 2011 Eur.
854 1977 923 2022 frg.
952 1978 1030 2011 837.

458 2038 468 2056 ¹
496 2036 547 2071 Cf.
576 2036 639 2069 Ov.
669 2037 735 2070 110
764 2048 815 2080 sq.
843 2036 923 2070 Sen.
951 2038 993 2070 91
1021 2048 1074 2080 sq.
1102 2036 1289 2070 Plutarch.
1317 2037 1350 2070 d.
1381 2037 1466 2071 aud.
1491 2039 1589 2080 poet.
1620 2036 1640 2070 8
1667 2039 1739 2071 ext.

456 2096 468 2116 2
494 2095 629 2129 Versus
658 2095 863 2129 Coroniferi
890 2096 957 2128 219
985 2106 1055 2139 sq.:
1084 2093 1175 2139 πρὸς
1201 2096 1308 2137 θεῶν,
1336 2096 1468 2141 ἔραμαι
1495 2098 1574 2129 κυσὶ
1612 2089 1744 2134 θωΰξαι
1778 2097 1850 2130 κτλ.

322 2155 460 2189 inridet
485 2154 753 2198 Aristophanes
780 2154 817 2188 in
833 2156 1007 2199 Anagyro
1035 2154 1120 2200 (frg.
1149 2156 1188 2187 51
1219 2154 1353 2196 Kock):
1382 2154 1473 2199 πρὸς
1500 2155 1597 2188 θεῶν
1623 2155 1752 2200 ἔραμαι
1781 2158 1853 2189 τέτ-

321 2227 401 2259 τιγα
433 2217 568 2260 ιιαγεῖν
593 2215 666 2247 κτλ.
683 2213 808 2247 -Sed
837 2214 899 2257 qui
926 2214 1099 2258 Euripidi
1126 2214 1326 2258 exprobret
1344 2213 1527 2248 phaedras
1556 2213 1849 2258 (cf.Thesmoph.

323 2275 407 2307 547:
436 2275 683 2310 Melmu‘nnag
709 2273 825 2306 ποιῶν
851 2274 1015 2317 φιιίδριις
1046 2275 1093 2314 τε)
1121 2273 1154 2306 ei
1181 2276 1466 2306 consentaneum
1493 2275 1547 2307 est
1563 2273 1737 2307 Velatum
1763 2285 1850 2317 quo-

323 2343 393 2376 que
418 2332 529 2366 bilem
556 2332 730 2376 movisse;
768 2333 880 2367 immo
909 2344 981 2366 non
1009 2332 1152 2375 dubito,
1180 2333 1268 2377 quin
1297 2333 1458 2376 priorem
1487 2333 1699 2376 editionem,
1725 2333 1784 2366 cui
1810 2331 1849 2366 τὸ

321 2389 482 2434 ἀπρεπὲς
511 2393 567 2424 καὶ
596 2394 809 2435 κατηγορίας
841 2388 939 2429 ἄξιον
970 2391 1081 2425 etiam
1109 2391 1352 2426 Alexandrini
1386 2391 1532 2425 crimini
1565 2391 1762 2426 vertebant
1788 2390 1849 2435 (cf.

321 2450 411 2495 Arg.
427 2450 514 2483 Eur.
530 2450 642 2494 Hip),
668 2453 778 2494 poeta
795 2450 952 2484 comicus
979 2450 1139 2484 maxime
1165 2450 1211 2484 ad
1237 2450 1480 2484 deridendum
1507 2451 1577 2484 sibi
1602 2450 1848 2495 proposuerit,

324 2520 406 2542 cum
432 2509 469 2542 in
496 2511 572 2543 tam
601 2521 714 2553 parca
731 2508 1026 2554 fragmentorum
1041 2512 1163 2554 segete
1191 2512 1292 2543 certa
1310 2509 1492 2544 irrisionis
1510 2509 1669 2554 vestigia
1694 2511 1849 2543 exstent.

325 2567 449 2602 Unum
479 2570 590 2611 atque
626 2568 663 2601 id
704 2580 749 2602 ne
776 2568 982 2603 levissimae
1010 2568 1158 2612 quidem
1192 2568 1417 2602 dubitationi
1451 2569 1653 2603 obnoxium
1679 2567 1755 2602 Leo
1782 2568 1803 2601 l.
1831 2568 1853 2601 l.

322 2628 444 2671 9180
471 2638 522 2670 sq.
550 2627 587 2660 in
613 2627 727 2661 Arist.
756 2626 862 2671 Vesp.
891 2628 961 2662 314
987 2627 1241 2672 investigavit,
1271 2631 1312 2661 ut
1338 2627 1449 2662 modo
1476 2626 1643 2671 exposui.
1678 2627 1850 2660 Alterum

326 2697 483 2731 agnosco
510 2686 548 2719 in
574 2685 720 2729 Polyidi
748 2685 817 2731 frg.
845 2687 914 2720 453
940 2686 1000 2720 K:

637 2742 718 2779 ἰδοὺ
745 2746 877 2791 δίδωμι
905 2741 1004 2788 τήνδ’
1033 2744 1104 2790 ἐγώ
1133 2742 1285 2790 γυναῖκά
1313 2756 1369 2779 σοι

635 2804 813 2847 Φαίδραν·
842 2805 900 2838 ἐπὶ
929 2805 1002 2849 πῦρ
1029 2804 1068 2838 δὲ
1097 2806 1169 2849 πῦρ
1195 2804 1285 2850 ἔοιχ’
1310 2801 1404 2846 ἥξειν
1428 2799 1538 2848 ἄγων.

325 2863 372 2897 ad
402 2862 500 2906 quod
527 2861 760 2897 scribendum
789 2866 938 2908 poetam
963 2862 1085 2898 Velati
1112 2863 1183 2909 frg.
1210 2864 1278 2896 432
1306 2862 1511 2908 instigavit.
