1912 3310
1037 196 1082 229 92

296 308 403 350 redit
433 309 612 359 interim,
644 309 691 350 ut
722 308 917 351 Ovidium
946 310 1106 363 praeter
1137 310 1265 352 alios1
1296 310 1566 353 Parthenium
1607 312 1702 354 ante
1732 324 1824 354 ocu-

296 375 356 417 los
392 375 584 417 habuisse
624 376 810 418 arbitrer.
870 377 982 418 Idem
1025 378 1228 430 exemplar
1267 377 1404 430 potuit
1433 378 1648 432 Propertio
1682 380 1827 421 obver-

296 442 378 484 sari
411 443 628 495 Tarpeiam
658 444 860 497 tanquam
893 444 1121 486 Ausoniam
1162 444 1343 498 Scyllam
1384 446 1572 487 cantanti
1619 446 1687 496 (V,
1717 446 1743 487 4
1774 445 1824 487 cf.

296 522 331 551 v.
364 510 458 562 43);
491 510 616 551 simili
645 511 765 551 modo
797 510 943 551 similis
973 511 1169 553 scelerata
1198 511 1325 553 libido
1356 511 1444 553 illic
1474 512 1739 554 11111311111-1112
1771 513 1823 563 01,

296 577 329 618 31
360 578 479 629 poeta
508 577 721 618 heroinam
758 589 874 618 suam
911 577 1042 629 primo
1075 577 1163 619 1000
1199 578 1247 619 ad
1281 578 1466 620 Niseiam
1499 578 1701 632 virginem
1732 591 1827 632 pro-

296 643 510 684 vocantem
541 643 662 696 fingit
704 657 740 685 v.
775 644 826 684 39
857 657 928 697 sq„
975 644 1058 686 iam
1094 645 1184 694 3013,
1232 645 1330 698 quid
1374 646 1449 686 hoc
1491 645 1569 686 sibi
1614 646 1724 687 velit.
1771 669 1824 674 --

295 710 442 751 Nescio
475 711 624 761 autem,
672 724 724 752 an
763 711 874 752 Naso
916 711 968 752 ad
1013 712 1177 753 solitam
1224 712 1388 754 fabulae
1432 712 1621 763 formam,
1667 725 1712 754 ex
1745 725 1826 766 qua

297 776 434 830 Scylla
460 777 610 818 Minois
649 778 763 819 iussu
796 791 865 832 per
902 791 1014 820 mare
1044 779 1237 830 trahitur,
1269 791 1313 821 eo
1345 780 1541 834 recurrat,
1573 780 1680 833 quod
1710 780 1825 833 puel-

295 844 378 885 lam
410 844 729 897 gloriabundam
759 846 949 899 proponit
985 859 1023 887 v.
1058 847 1154 887 142:
1188 844 1279 899 ‘per
1312 846 1419 888 freta
1450 847 1575 900 longa
1603 839 1826 896 trahar'3

296 910 391 952 iiam
429 911 567 953 eodem
605 913 727 955 verbo
775 926 854 955 non
899 914 999 955 satis
1044 914 1274 967 quadrante
1310 914 1353 955 in
1398 927 1499 966 eam,
1544 927 1647 968 quae
1684 914 1827 967 sponte

296 991 441 1020 navem
486 980 694 1032 sequatur,
739 980 977 1034 Propertius
1023 980 1111 1035 (IV,
1147 981 1208 1022 19.
1242 982 1295 1022 26
1324 980 1424 1034 H.)²‘3
1465 982 1504 1022 et
1536 980 1641 1023 Ciris
1680 981 1826 1023 auctor

296 1059 333 1087 v.
366 1045 446 1087 390
477 1047 664 1087 utuntur.
698 1070 750 1076 —
783 1048 841 1088 De
873 1048 1122 1098 auctoribus,
1157 1060 1329 1101 quorum
1362 1047 1537 1101 vestigia
1572 1047 1676 1089 Ciris
1706 1048 1826 1101 poeta

295 1113 415 1166 legit,
461 1113 647 1155 videmur
692 1115 835 1156 scituri
881 1115 1132 1168 plusculum,
1179 1115 1212 1156 31
1259 1115 1406 1168 Toupii
1447 1115 1699 1166 coniectura,
1746 1127 1827 1168 qua

294 1181 398 1222 illud
443 1181 740 1234 fragmentum:
790 1180 1044 1236 πορφυρέην
1090 1174 1222 1237 ἤμησε
1266 1179 1395 1233 κρέκα
1428 1180 1681 1223 Callimacho
1725 1181 1829 1222 assi-

296 1248 454 1301 gnavit,
498 1248 602 1289 nulli
638 1248 892 1290 dubitationi
933 1248 1105 1290 obnoxia
1148 1249 1252 1289 03301
1293 1248 1360 1299 (cf.
1393 1247 1579 1290 Schneid.
1614 1247 1716 1290 Call.
1748 1247 1827 1301 frg.

297 1328 417 1357 anon.
448 1316 540 1363 39);
589 1328 698 1366 nam,
731 1317 776 1356 ut
812 1315 1035 1357 Buecheler
1066 1328 1130 1356 me
1161 1315 1334 1366 monuit,
1367 1315 1602 1356 simillimus
1633 1316 1694 1356 est
1725 1313 1828 1356 Ciris

297 1396 334 1425 v.
371 1384 471 1424 382:
516 1381 873 1437 ‘purpureumque
904 1384 1024 1436 parat
1061 1395 1201 1423 rursus
1242 1382 1410 1424 tondere
1453 1382 1678 1435 capHIum‘,
1719 1381 1827 1435 quod

295 1451 536 1504 Propertius
566 1451 625 1492 ita
659 1451 773 1504 ponit
804 1450 875 1499 IV,
910 1452 974 1492 19.
1009 1451 1060 1491 22
1091 1450 1162 1492 Η.;
1210 1445 1407 1491 ctondens
1452 1462 1656 1503 purpurea
1699 1461 1827 1503 regna

295 1520 468 1572 paterna
486 1512 635 1569 coma'‚
667 1518 840 1560 Nonnus
865 1518 1033 1573 Dionys.
1056 1517 1184 1568 XXV,
1212 1518 1288 1558 162
1319 1517 1399 1558 ita:
1434 1512 1553 1572 ἥλικα
1574 1515 1827 1572 πορφυρέης

297 1578 559 1639 ἀπεκείρατο
589 1582 749 1638 βότρυν
780 1583 967 1639 ἕθείρης.
1027 1585 1198 1626 Hecales
1230 1585 1307 1638 frg.
1331 1586 1382 1625 52
1414 1584 1650 1638 recognosci
1679 1583 1722 1624 in
1745 1583 1825 1626 Cir.

297 1666 332 1694 v.
350 1653 430 1694 349
447 1666 504 1706 sq.
539 1653 712 1706 Bentley
733 1653 814 1694 iam
838 1652 990 1694 docuit.
1033 1652 1175 1705 Neque
1202 1664 1295 1693 vero
1318 1652 1497 1693 multum
1519 1652 1731 1693 lucramur
1753 1651 1826 1692 1110

296 1720 396 1770 1000,
430 1733 509 1773 0110
533 1720 678 1762 Carme
709 1720 846 1761 nutrix
877 1719 1031 1761 malam
1064 1719 1274 1760 fortunam
1304 1718 1414 1760 filiae
1438 1718 1705 1760 Britomartis
1725 1718 1828 1760 anili

295 1788 441 1840 questu
459 1788 622 1829 enarrat
640 1786 720 1829 Cir.
736 1788 815 1828 295
830 1800 902 1840 sq.‚
927 1799 1006 1840 qua
1024 1786 1258 1828 adventicia
1277 1785 1470 1828 carminis
1488 1786 1603 1838 parte
1619 1785 1826 1845 quispiam

293 1854 429 1896 forsan
459 1854 583 1895 inniti
614 1854 777 1896 studeat
809 1854 860 1895 ad
891 1853 1130 1907 indaganda
1162 1854 1304 1906 poetae
1336 1852 1575 1908 Cyrenensis
1605 1852 1781 1907 vestigia
1797 1854 1826 1895 4.

432 1996 443 2015 ¹
472 1994 622 2029 Puellae
662 1993 1031 2040 transfigurationem
1065 1994 1103 2027 in
1136 1997 1342 2028 monstrum
1377 1993 1561 2028 marinum
1588 1996 1717 2029 narrat
1743 1995 1824 2030 Art.

293 2055 376 2088 Am.
401 2054 427 2097 Ι,
455 2055 521 2088 331
550 2066 602 2098 sq.
642 2054 769 2087 Amor.
800 2053 865 2096 III,
895 2054 946 2087 12.
974 2054 1017 2086 21
1047 2065 1100 2097 sq.
1143 2053 1228 2088 Her.
1257 2053 1337 2095 XII,
1369 2054 1435 2087 123
1460 2065 1511 2097 sq.

432 2112 445 2131 ‘·'
473 2113 526 2147 Cf.
555 2112 618 2147 Ov.
652 2113 692 2145 19
720 2123 770 2156 sq.
801 2113 846 2145 24
871 2123 922 2155 sq.
949 2116 986 2146 et
1012 2112 1122 2156 Prop.
1150 2114 1192 2146 19
1219 2124 1271 2156 30.
1299 2113 1360 2156 32;
1401 2112 1466 2147 Ov.
1499 2113 1542 2146 33
1570 2123 1622 2156 sq.
1651 2114 1688 2146 et
1716 2111 1825 2156 Prop.

295 2172 339 2206 33
367 2184 435 2216 sq.:
475 2172 539 2206 Ov.
568 2173 613 2205 37
645 2171 705 2214 (cf.
732 2184 765 2205 v.
794 2172 854 2214 34)
893 2175 929 2205 et
955 2171 1065 2216 Prop.
1095 2173 1139 2205 37
1166 2183 1218 2216 sq.
1269 2171 1353 2205 Non
1391 2171 1518 2216 magni
1554 2170 1685 2214 pendo,
1727 2170 1826 2214 quod

294 2232 451 2276 Tarpeia
478 2231 522 2265 de
548 2230 668 2274 Scylla
697 2231 734 2264 in
762 2242 888 2265 saevos
914 2242 1019 2265 canes
1046 2243 1152 2265 versa
1182 2231 1350 2276 loquitur
1379 2243 1412 2265 v.
1440 2232 1503 2274 403
1544 2232 1666 2264 taetra
1703 2229 1825 2275 imago

293 2292 411 2336 magis
437 2290 635 2335 respondet
659 2290 730 2324 1001
756 2293 920 2324 naturae.

427 2349 440 2369 ³
467 2349 655 2393 Propertii
681 2360 807 2383 versus
834 2350 895 2382 24:
939 2347 1046 2383 ‘Nise
1082 2351 1164 2383 tuas
1199 2351 1327 2393 portas
1358 2347 1489 2382 fraude
1514 2347 1666 2383 reclusit
1692 2345 1823 2382 Amor'

293 2408 590 2443 Alexandrinum
628 2419 780 2442 acumen
815 2411 957 2452 captat3
998 2407 1042 2442 cf.
1070 2408 1190 2442 Nonn.
1220 2408 1369 2451 Dionys.
1397 2407 1511 2451 XXV,
1540 2409 1617 2442 167.
1645 2406 1712 2442 Ov.
1736 2407 1825 2442 Met.

295 2467 394 2511 VIII,
421 2468 477 2501 62.
521 2467 702 2512 Congruit
726 2470 920 2511 praeterea
943 2466 1160 2511 Propertius
1186 2466 1342 2502 mirifice
1369 2478 1453 2501 cum
1472 2466 1605 2501 Ovidio
1624 2479 1659 2501 v.
1682 2468 1744 2500 101
1761 2477 1826 2510 sq„

293 2527 323 2561 si
349 2527 394 2560 de
418 2526 541 2560 Minoe
571 2537 685 2570 aequo
713 2526 751 2560 in
777 2526 882 2561 hoste
910 2527 1076 2571 loquitur
1102 2539 1134 2561 v.
1162 2528 1219 2561 28.

427 2586 440 2604 4
467 2585 711 2620 Callimachus
750 2585 888 2629 (hymn.
923 2586 960 2620 in
998 2586 1105 2620 Dian.
1147 2586 1213 2619 190
1239 2585 1306 2630 30.)
1347 2585 1487 2629 primus
1526 2585 1623 2619 hanc
1660 2584 1826 2619 fabulam

293 2643 496 2677 celebrasse
531 2644 696 2687 videtur3
740 2655 823 2678 eum
855 2644 1010 2678 laudant
1038 2644 1156 2678 Schol.
1184 2644 1273 2678 Eur.
1301 2644 1387 2688 Hip.
1417 2645 1482 2677 146
1511 2643 1644 2678 Strabo
1671 2644 1717 2688 X,
1744 2644 1824 2678 479.

293 2701 363 2736 Sed
391 2702 482 2736 Ciris
508 2715 541 2736 v.
567 2704 634 2736 303
662 2715 714 2747 sq.
741 2704 865 2748 potius
892 2704 1099 2739 doctrinam
1126 2716 1170 2738 ex
1196 2703 1495 2738 chrestomathiis
1522 2703 1693 2737 haustam
1718 2702 1823 2737 redo-

293 2761 387 2804 lent-3
425 2761 470 2795 cf.
497 2761 602 2795 Paus.
632 2762 680 2805 ΙΙ,
708 2763 764 2797 30.
793 2765 824 2797 3.
855 2783 895 2787 —
926 2763 1070 2808 Fugam
1098 2763 1136 2796 in
1162 2763 1321 2797 insulam
1347 2762 1529 2807 Aeginam
1560 2764 1826 2796 commemorat

293 2819 504 2854 Antoninus
529 2820 712 2855 Liberalis
739 2822 817 2865 XL,
857 2822 959 2856 cuius
986 2822 1211 2856 narrationis
1248 2824 1436 2856 auctorem
1463 2820 1664 2856 Schneider
1689 2821 1824 2855 merito

296 2879 453 2913 fortasse
491 2879 720 2914 Nicandrum
759 2892 835 2916 esse
874 2881 1007 2915 statuit
1046 2881 1139 2925 (Nic.
1172 2892 1208 2925 p.
1242 2880 1312 2925 43).
1374 2880 1516 2915 Nomen
1554 2879 1607 2914 sic
1645 2879 1823 2924 explicat:
