1912 3310
847 225 891 258 69

102 333 264 386 Longas
309 333 470 386 puellae
516 335 741 378 errationes
785 338 944 390 praeter
989 339 1182 382 Ovidium
1227 354 1263 384 v.
1302 343 1381 383 644
1415 356 1474 397 sq.
1520 357 1626 386 unus

103 398 243 442 Conon
275 402 569 442 commemorat
601 400 788 457 (πολλήν
819 403 995 459 ἐρημίαν
1027 406 1334 461 πλανηθεῖσα).
1378 409 1626 452 Nicaenetus

101 467 232 509 terras
263 467 399 521 potius
429 469 606 521 enarrat,
638 482 707 522 per
739 483 840 523 quas
864 470 1028 514 Caunus
1058 474 1302 527 migraverit
1323 477 1348 517 ¹.
1386 477 1505 529 Apud
1524 478 1626 519 Par-

100 534 285 576 thenium
317 534 453 587 ipsum
484 534 625 576 infelix
657 537 792 589 puella
828 538 972 592 laqueo
1011 540 1146 582 fauces
1183 542 1367 593 innectit,
1414 543 1528 584 cuius
1564 543 1626 585 fa—

101 600 220 642 bulae
250 600 406 643 formae
435 601 642 644 Nasonem
676 604 775 644 bene
805 617 980 657 gnarum
1015 607 1137 649 fuisse
1169 608 1314 661 probat
1338 610 1416 650 Ars
1441 611 1624 651 Amator.

100 669 134 721 Ι,
157 669 238 710 284
268 669 338 718 (cf.
360 669 517 724 Hygin.
549 671 576 711 f.
602 672 714 723 243).
776 672 890 714 Idem
922 674 1152 716 referebant
1174 672 1213 715 oi
1247 674 1443 727 πλείοτςς
1473 677 1626 729 compi-

99 736 209 779 lator
239 736 378 779 addit:
410 736 519 793 φασὶ
551 736 597 778 δέ
624 753 736 788 τινες
765 738 834 779 καὶ
857 734 946 780 sins)
968 742 1056 781 τῶν
1084 739 1279 795 δακρύων
1305 739 1458 797 κρήνην
1479 744 1625 798 ῥυῆναι

99 800 188 860 ἰδίᾳ
217 799 297 858 τήν
326 803 590 859 καλουμένην
620 805 824 857 Besinum.
884 806 1096 858 Quomodo
1134 809 1234 850 11300
1276 810 1382 851 111101·
1412 823 1452 851 se
1483 823 1624 852 conso-

100 870 262 923 ciarint‚
295 870 433 914 Conon
461 871 614 914 indicio
645 874 723 915 est:
764 870 924 926 βρόχον
953 871 1029 930 τὴν
1060 871 1193 930 ζώνην
1221 873 1337 926 τινος
1366 873 1522 929 καρύας
1551 893 1625 918 κα-

99 933 293 992 θάψασα
327 935 481 995 ἑαυτὴν
517 932 773 996 ἀνήρτησεν·
812 938 924 982 ἔνθα
961 938 1011 998 δὴ
1051 939 1286 997 κλαιούσης
1323 939 1455 999 αὐτῆς
1499 940 1625 998 ἐρρύη

98 1000 151 1046 τὰ
181 1001 343 1059 δάκρυα
371 1005 442 1047 καὶ
473 1002 629 1063 κρήνην
659 1000 800 1062 ἀνῆκε,
848 1007 1039 1061 Βιβλίδα
1075 1011 1168 1058 τοῖς
1205 1007 1454 1063 ἐπιχωρίοις
1491 1010 1625 1063 ὄνομα

99 1073 169 1126 (cf.
201 1073 336 1116 Schol.
367 1074 572 1116 Theocrit.
604 1075 631 1116 l.
660 1075 717 1126 1.).
768 1100 816 1104 -
864 1077 985 1130 Apud
1021 1076 1288 1129 Nicandrum,
1336 1078 1405 1131 qui
1441 1091 1544 1119 nnus
1576 1079 1624 1120 de

98 1139 239 1182 fratris
267 1141 597 1194 interpellatione
627 1141 729 1183 nihil
760 1143 895 1195 habet,
929 1143 1105 1197 Byblida
1134 1143 1284 1184 amoris
1314 1143 1574 1196 impatientia
1605 1157 1624 1186 e

99 1220 197 1260 rupe
226 1220 268 1249 se
297 1207 570 1261 praecipitare
597 1210 813 1250 conantem
838 1210 1039 1263 nymphae
1061 1210 1250 1251 cohibent
1270 1222 1439 1263 eamque
1461 1211 1625 1252 mutant

97 1275 141 1315 in
161 1274 479 1329 Hamadryada;
512 1275 698 1318 additur:
730 1275 919 1317 καλεῖται
953 1275 999 1317 δὲ
1023 1276 1090 1317 καὶ
1112 1274 1162 1317 τι)
1185 1276 1280 1331 ῥέον
1303 1275 1347 1317 ἐκ
1368 1277 1444 1333 τῆς
1464 1276 1625 1330 πέτρας

99 1337 264 1396 ἐκείνης
292 1333 389 1394 ἄχρι
419 1342 491 1382 νῦν
521 1338 642 1395 παρὰ
672 1344 766 1392 τοῖς
798 1341 1048 1396 ἐπιχωρίοις
1078 1339 1262 1395 deinoi-ov
1283 1343 1507 1396 Βυβλίὸος.
1549 1344 1624 1386 Cui

97 1409 328 1450 narrationi
358 1409 472 1450 aliud
502 1409 787 1451 testimonium
821 1423 900 1452 non
932 1411 1198 1463 suffragatur,
1241 1412 1349 1464 quod
1391 1412 1552 1464 saepius
1582 1412 1623 1452 in

97 1475 174 1517 hoc
205 1476 371 1518 auctore
401 1475 562 1518 fabulas
597 1477 648 1518 ad
677 1477 902 1519 ludibrium
934 1478 1120 1519 variante
1150 1478 1313 1519 accidit.
1372 1478 1480 1519 Nam
1505 1480 1623 1531 poeta

97 1543 322 1597 Romanus,
366 1556 391 1585 a
431 1556 511 1597 quo
544 1544 717 1585 Nonnus
763 1545 858 1595 stat,
906 1544 1028 1598 fingit
1071 1545 1261 1598 puellam,
1309 1558 1432 1598 quam
1472 1546 1622 1588 Naides

97 1610 450 1661 commiseramur,
495 1610 763 1652 lacrimarum
802 1611 890 1652 rivo
933 1612 1124 1664 perpetuo
1162 1611 1352 1665 gramina
1390 1613 1621 1655 umectante

98 1676 142 1717 in
171 1675 307 1730 ipsum
338 1676 491 1719 fontem
525 1690 695 1728 versam,
725 1673 818 1731 ‘qui
842 1691 949 1720 nunc
977 1691 1136 1731 quoque
1157 1678 1334 1720 vallibus
1356 1678 1438 1720 illis
1461 1679 1618 1721 Nomen

99 1744 222 1786 habet
251 1743 440 1786 dominae
471 1745 673 1799 nigraque
703 1746 779 1787 sub
817 1746 909 1787 ilice
950 1738 1112 1787 11131131)
1158 1746 1211 1797 (v.
1245 1746 1325 1785 663
1356 1746 1448 1798 sq.).
1509 1746 1620 1797 Quae

98 1810 151 1853 ad
182 1810 383 1852 Nicandri
414 1812 538 1854 verba
572 1825 644 1854 nos
675 1814 818 1865 sponte
848 1813 1036 1854 reiciunt.
1075 1837 1117 1840 —-
1152 1812 1337 1865 Denique
1370 1814 1416 1853 ut
1450 1812 1501 1854 ad
1537 1813 1620 1866 By-

99 1877 231 1920 blidos
262 1879 422 1920 natales
452 1880 628 1934 veniam,
673 1879 721 1921 de
760 1881 876 1933 patre
905 1880 1048 1921 Mileto
1088 1892 1304 1921 consensus
1343 1881 1421 1928 est3
1466 1880 1621 1921 dissen-

96 1945 210 1986 tiunt
245 1945 294 1987 de
333 1946 478 1996 matre,
525 1960 651 2000 quam
689 1947 861 1989 Ovidius
907 1960 943 1988 v.
974 1948 1054 1988 452
1086 1959 1143 2001 sq.
1178 1945 1363 2000 Cyaneen
1409 1946 1623 1988 Maeandri

96 2012 226 2055 filiam
258 2014 326 2066 (cf.
358 2014 650 2068 Mythograph.
671 2015 765 2056 Vat.
798 2016 829 2063 I,
863 2015 974 2064 204),
1008 2013 1211 2055 Nicander
1236 2013 1449 2054 Idotheam
1473 2012 1621 2066 Euryti

95 2082 247 2133 filiam,
294 2082 545 2124 Nicaenetus
578 2082 824 2136 Tragasiam
869 2083 990 2124 vocat
1007 2083 1035 2123 2.
1095 2081 1234 2122 Proles
1266 2080 1412 2123 Ovidio
1457 2081 1622 2122 auctore

97 2163 135 2192 v.
166 2150 248 2191 453
278 2149 454 2204 gemella
484 2150 563 2203 est;
610 2150 718 2191 idem
749 2150 926 2191 testatur
958 2148 1165 2190 Nicander
1206 2147 1391 2200 (δίδυμοι
1430 2145 1621 2200 παῖδες),

98 2230 190 2259 011111
229 2230 308 2271 quo
353 2217 562 2270 praeterea
605 2218 724 2270 poeta
754 2217 965 2259 Romanus
1012 2216 1182 2257 mirifice
1225 2216 1405 2257 concinit
1450 2228 1621 2257 narrans

96 2298 133 2327 v.
164 2285 245 2326 447
279 2297 338 2338 sq.
368 2284 559 2326 Miletum
592 2285 712 2327 celeri
750 2285 891 2326 carina
922 2284 1064 2338 sponte
1095 2284 1236 2324 Minoa
1268 2282 1420 2336 fugisse
1458 2282 1622 2323 urbem-

232 2422 243 2441 ¹
270 2419 468 2455 Terrarum
506 2420 657 2455 nomina
691 2420 838 2455 diversa
872 2423 967 2463 sunt,
1006 2418 1077 2453 nisi
1109 2418 1252 2463 Cragon
1278 2417 1343 2452 Ov.
1371 2417 1438 2451 646
1466 2417 1558 2452 latet
1584 2417 1621 2451 in

32 2474 37 2525 ’Δ
98 2476 250 2525 Κάπρος
273 2480 353 2515 Nic.
381 2492 414 2514 v.
442 2481 480 2524 73
507 2480 552 2515 cf.
579 2480 749 2515 Meineke
776 2480 798 2513 l.
826 2480 848 2513 l.

231 2538 245 2557 ²
269 2538 428 2573 Nomina
460 2550 576 2583 aquae
607 2537 915 2584 significationem
948 2548 1036 2581 prae
1069 2548 1106 2570 se
1140 2535 1283 2579 ferunt3
1320 2534 1364 2569 cf.
1392 2534 1522 2569 Rohde
1548 2534 1570 2568 1.
1597 2535 1621 2568 l.

96 2598 238 2632 Preller
254 2598 309 2632 Pl.
330 2598 391 2632 Gr.
410 2598 526 2642 Myth.
546 2598 582 2632 Π
600 2610 635 2642 p.
660 2599 724 2631 135
747 2597 831 2631 adn.
852 2599 882 2630 2.
903 2598 934 2629 3.
952 2616 992 2619 —
1010 2594 1192 2628 Meineke:
1225 2596 1412 2639 Τραγασίῃ
1432 2593 1470 2626 δὲ
1489 2595 1621 2626 Kalm-

95 2658 178 2695 νοῦς
202 2661 319 2703 εἴχετο
345 2657 459 2692 παιδί.
495 2657 581 2692 Cod.
609 2657 686 2692 Pal.
714 2658 899 2692 κελαινέες.
927 2656 970 2688 Α.
992 2653 1131 2688 Hecker
1150 2653 1332 2697 Philolog.
1354 2653 1444 2686 1850
1469 2664 1502 2696 p.
1535 2652 1619 2685 415:

98 2719 309 2762 Τραγασίην
337 2716 377 2750 δὲ
398 2718 593 2754 Κελαινοῦς
617 2713 722 2761 ἤγετο
749 2715 876 2749 παῖδα.
909 2713 1060 2748 Ηο1·011.;
1091 2712 1294 2749 Κελαινοῦς.
1323 2711 1375 2745 Cf.
1396 2710 1620 2754 Steph.Byz.

96 2788 122 2810 s.
148 2788 181 2811 v.
210 2771 382 2818 Κάλβιος·
410 2773 519 2821 κρήνη
544 2779 681 2813 Λυκίας
708 2773 748 2818 ἢν
774 2777 831 2807 καὶ
852 2769 1037 2807 Κιιλιιινόν
1056 2783 1159 2818 φασι.
1188 2772 1358 2806 Ceterum
1373 2770 1621 2815 Tragasaeum

95 2835 150 2870 sal
180 2834 328 2869 lectoris
362 2835 484 2869 animo
511 2835 720 2870 oocursabit
746 2833 888 2878 (steph.
916 2832 999 2877 Byz.
1027 2844 1052 2865 s.
1080 2844 1112 2865 v.
1145 2833 1354 2874 Τραγασαι’;
1382 2829 1425 2863 cf.
1453 2828 1621 2862 Meineke

41 2920 49 2946 3
95 2894 121 2929 l.
145 2894 169 2928 l.
197 2893 378 2938 Epimetr.
408 2893 470 2939 II).
