1912 3310
1010 186 1054 218 22

401 301 556 352 Quibus
607 300 795 341 omnibus
843 300 1058 353 pensitatis
1108 312 1246 340 versus
1291 300 1482 340 513-15
1523 299 1793 353 interpolatos

266 381 349 410 esse
380 367 478 408 viris
509 367 668 408 doctis¹
709 368 795 408 sine
831 380 945 408 mora
982 366 1184 408 concedes.
1243 366 1422 407 Tollitur
1458 367 1564 408 enim
1607 366 1793 408 funditus

265 436 341 476 hoc
371 434 654 475 additamento
701 434 873 475 nutricis
918 445 1081 486 prorsus
1126 432 1353 474 necessaria
1390 433 1643 486 ambiguitas
1686 434 1794 474 hunc

265 503 307 543 in
339 501 504 543 modum
530 525 579 529 -—
599 502 722 554 atque
752 500 793 541 id
826 500 994 541 maximi
1026 499 1223 540 momenti
1240 501 1300 540 est
1318 524 1383 550 ——‚
1403 500 1448 540 ut
1478 499 1562 540 iam
1583 500 1795 541 Phaedrae

266 568 434 621 simplex
456 567 727 620 interrogatio
749 580 786 607 v.
808 568 887 607 516
910 566 1074 607 omnino
1098 566 1233 607 locum
1257 566 1404 607 habere
1425 578 1504 607 11011
1527 566 1668 619 possit,
1694 578 1795 619 quo-

266 635 378 676 niam
409 634 544 686 palam
578 633 866 686 significantur
897 646 955 683 ea,
993 645 1097 686 quae
1128 632 1179 674 ad
1211 633 1424 685 potulenta
1455 632 1664 674 miscenda
1696 645 1795 685 opus

267 701 362 750 sint,
396 702 441 741 ut
464 700 667 741 Lucianus
699 700 825 748 (Dial.
856 713 952 741 mer.
971 698 1014 753 4)
1045 700 1173 741 docet.
1205 700 1348 753 Neque
1378 700 1418 741 id
1452 700 1669 741 contendes
1701 700 1795 741 boni

267 768 408 820 poetae
430 779 514 808 esse
536 767 737 808 nutricem
765 767 917 820 fingere
938 768 1024 808 tam
1046 767 1167 819 longe
1197 767 1485 808 immorantem
1518 768 1558 808 in
1581 768 1797 808 illustran-

266 834 327 874 dis
359 834 477 874 rebus
508 833 559 874 ad
589 834 890 875 devinctionem
929 834 1175 883 necessariis.
1219 834 1371 875 nemini
1404 847 1484 875 non
1518 835 1639 887 notis,
1671 846 1795 887 quam

268 913 316 941 ne
348 900 580 941 adductura
612 901 776 953 quidem
808 902 868 942 est
899 901 949 942 ad
982 901 1147 942 exitum.
1181 900 1478 953 Suppeditabat
1500 903 1637 943 autem
1658 902 1795 954 legen—

265 968 375 1008 tibus
407 967 457 1008 ad
496 967 787 1009 illustrandum
830 968 1242 1021 interpolandumque
1287 968 1375 1009 fons
1407 969 1649 1022 Euripideus
1692 969 1797 1010 alter

267 1035 529 1088 Hippolytus,
553 1047 676 1087 quam
698 1036 906 1087 praeterea
930 1036 1089 1087 poetam
1113 1035 1239 1075 simili
1261 1048 1407 1077 scaena
1429 1049 1641 1077 exornasse
1662 1036 1796 1077 docui.

267 1102 343 1143 Sed
382 1098 502 1142 ‘unus
545 1103 584 1142 et
631 1102 734 1143 alter
780 1102 968 1143 adsuitur
1013 1095 1197 1154 pannus’.
1275 1102 1483 1144 Nimirum
1526 1103 1798 1156 interpolator

267 1169 392 1209 etiam
415 1169 544 1209 altero
565 1169 654 1210 loco
676 1170 888 1221 grassatus
921 1182 965 1210 ex
998 1170 1079 1210 alia
1109 1169 1279 1210 alterius
1301 1169 1465 1211 fabulae
1491 1182 1636 1212 scaena
1658 1182 1796 1211 versus

265 1235 457 1276 477-—81
497 1235 732 1277 Coronifero
773 1236 960 1277 intexuit.
1021 1236 1129 1288 Quos
1162 1250 1185 1278 a
1213 1238 1352 1278 nostro
1392 1237 1480 1278 loco
1520 1237 1674 1279 alienos
1714 1249 1798 1279 esse

267 1302 446 1355 locuples
492 1304 635 1344 auctor
670 1304 948 1345 Wilamowitz
989 1304 1032 1354 (1.
1064 1304 1090 1345 1.
1134 1317 1170 1357 p.
1203 1305 1282 1345 212
1315 1305 1393 1358 sq.)
1430 1305 1504 1352 est,
1550 1305 1665 1345 cuius
1704 1316 1797 1357 gra-

268 1370 437 1410 vissima
468 1371 712 1423 argumenta
741 1371 834 1411 nolo
866 1371 1128 1412 retractare2.
1189 1371 1357 1412 Erravit
1383 1371 1547 1424 quidem
1570 1371 1632 1412 vir
1653 1371 1797 1412 doctus

267 1436 439 1478 mirifice
471 1437 761 1479 fascinationes
791 1437 843 1479 ad
875 1438 1187 1480 devinciendum
1218 1438 1489 1491 Hippolytum
1523 1439 1584 1480 his
1617 1439 1797 1481 versibus

267 1632 526 1677 Real-Encycl.
563 1645 589 1667 s.
622 1645 655 1667 v.
692 1632 825 1678 Magia.
868 1654 909 1657 —
952 1633 1126 1668 Mulieres
1162 1635 1288 1668 lunam
1329 1634 1567 1669 detrahentes
1607 1635 1722 1669 oculis
1757 1636 1798 1670 li-

266 1692 439 1736 berisque
465 1692 679 1736 privabant3
721 1692 765 1726 cf.
798 1692 915 1727 Plato.
955 1693 1064 1738 Gorg.
1099 1694 1165 1726 513
1202 1694 1244 1727 A.
1278 1693 1413 1727 Zenob.
1447 1694 1554 1728 Prov.
1588 1694 1650 1738 IV,
1686 1696 1713 1728 1.
1753 1715 1796 1719 —

268 1750 440 1785 Ceterum
469 1752 543 1785 noli
572 1751 617 1785 ad
650 1752 788 1785 seriora
814 1756 982 1796 tempora
1011 1756 1047 1786 et
1077 1753 1342 1797 pervulgatum
1377 1752 1663 1788 fascinationum
1691 1765 1797 1787 usum

267 1810 365 1854 apud
391 1813 516 1854 poetas
544 1809 729 1844 Romanos
763 1823 975 1855 provocare.
1028 1811 1247 1856 Quanquam
1287 1813 1398 1846 etiam
1438 1813 1504 1846 illa
1545 1816 1665 1846 aetate
1704 1813 1798 1857 phil-

267 1873 411 1903 trorum
436 1881 521 1903 usus
548 1870 815 1914 vituperationi
842 1871 1022 1905 obnoxius
1058 1871 1169 1905 fuisse
1201 1871 1362 1915 videtur,
1404 1875 1446 1905 ut
1481 1870 1633 1905 Ovidius
1659 1871 1799 1915 planis—

268 1928 358 1963 sime
384 1929 524 1963 iudicat
549 1931 630 1963 Art.
658 1932 738 1964 Am.
764 1931 809 1970 ΙΙ,
840 1933 905 1964 105
933 1941 1001 1975 sq.:

468 1988 542 2023 Nec
571 1989 660 2023 data
685 1989 896 2033 profuerint
922 1990 1104 2034 pallentia
1130 1990 1272 2034 philtra
1299 1990 1454 2034 puellis3

533 2047 673 2090 philtra
700 2051 834 2082 nocent
860 2049 1004 2088 animis,
1031 2049 1180 2092 vimque
1207 2048 1343 2083 furoris
1371 2049 1519 2083 habent.

468 2104 523 2139 Sit
550 2107 712 2150 procul
739 2118 864 2141 omne
890 2107 1029 2142 nefas.

271 2163 323 2198 Cf.
359 2163 466 2198 Pauli
493 2168 584 2199 sent.
612 2165 654 2207 V,
683 2167 740 2200 23.
780 2168 840 2200 14:
886 2165 970 2209 ‘Qui
1013 2167 1218 2201 abortionis
1254 2170 1319 2201 aut
1362 2167 1583 2201 amatorium
1626 2167 1800 2211 poculum

268 2223 375 2266 dant,
422 2224 489 2257 etsi
531 2224 569 2257 id
613 2224 696 2258 dolo
735 2236 809 2258 11011
848 2225 1006 2264 faciant,
1050 2229 1173 2260 tamen
1214 2227 1299 2270 quia
1341 2226 1429 2260 mali
1456 2227 1613 2271 exempli
1649 2238 1706 2260 res
1734 2230 1800 2270 est,

268 2281 483 2315 humiliores
511 2282 548 2315 111
574 2283 766 2317 metallum
795 2284 1022 2318 honestiores
1057 2285 1095 2318 in
1120 2285 1278 2319 insulam
1314 2286 1446 2319 amissa
1479 2288 1586 2329 parte
1617 2285 1800 2320 honorum

269 2341 499 2385 relegantur:
541 2341 640 2384 quod
674 2342 704 2375 si
739 2353 782 2376 ex
816 2342 885 2377 hoc
912 2343 1047 2377 mulier
1083 2346 1147 2377 aut
1177 2343 1287 2378 homo
1326 2344 1498 2388 perierit,
1537 2356 1677 2378 summo
1718 2355 1799 2388 sup-

267 2399 379 2443 plicio
420 2397 657 2434 afficiuntur'.

405 2459 414 2477 ¹
441 2457 570 2492 Nauck
596 2458 685 2493 Eur.
713 2458 816 2494 Stud.
837 2460 883 2503 ΙΙ,
911 2461 955 2494 20
982 2472 1033 2504 sq.
1049 2461 1254 2495 Kirchhoff.
1274 2462 1329 2496 ed.
1349 2461 1392 2495 II.
1408 2461 1580 2496 Wheeler
1601 2462 1622 2495 1.
1643 2462 1665 2495 l.
1687 2473 1722 2505 p.
1743 2462 1799 2495 57.

269 2515 464 2560 Barthold,
500 2517 608 2551 Weil.
637 2518 787 2552 edition.
826 2519 927 2554 Unus
959 2519 1064 2554 Gloel
1099 2520 1121 2553 l.
1148 2520 1170 2554 1.
1197 2532 1231 2564 p.
1259 2520 1303 2554 30
1337 2532 1388 2564 sq.
1425 2520 1489 2554 hos
1525 2532 1651 2555 versus
1682 2520 1800 2554 tuitus

271 2578 345 2618 est3
373 2575 474 2609 cuius
502 2576 677 2611 refutatio
703 2597 744 2601 -
767 2589 851 2611 nam
876 2578 1054 2611 nonnulla
1081 2582 1179 2613 recte
1206 2579 1473 2622 interpretatus
1501 2582 1566 2623 est,
1593 2580 1631 2613 in
1657 2591 1799 2614 summo

271 2634 410 2669 erravit
435 2654 477 2659 —
505 2635 712 2680 legentibus
740 2648 859 2670 meam
891 2636 1180 2680 disputationem
1207 2640 1354 2681 praesto
1380 2638 1462 2672 erit.

409 2692 422 2711 ²
450 2693 585 2728 Infelix
624 2694 757 2729 horum
793 2707 963 2729 versuum
1002 2699 1180 2740 patronus
1216 2708 1342 2730 rursus
1375 2696 1480 2731 Gloel
1507 2697 1529 2730 l.
1559 2697 1582 2730 1.
1611 2708 1646 2740 p.
1675 2697 1719 2730 53
1746 2708 1799 2740 sq.

274 2751 419 2786 exstitit
452 2763 493 2786 eo
531 2752 666 2798 effugio
703 2765 797 2795 usus,
839 2758 880 2788 ut
913 2758 1073 2788 sumeret
1105 2755 1289 2790 nutricem
1320 2756 1484 2790 remedia
1516 2755 1562 2789 ad
1594 2755 1799 2799 corporis

275 2809 447 2844 morbum
474 2812 719 2846 amovendum
744 2824 963 2856 proponere.
1015 2814 1097 2848 Νο11
1131 2813 1316 2848 intellexit
1350 2815 1466 2861 igitur
1493 2815 1605 2850 istam
1638 2814 1798 2861 aegritu-

272 2867 397 2904 dinem
423 2869 518 2905 nihil
546 2871 648 2906 aliud
677 2883 754 2906 esse
780 2883 891 2918 quam
917 2872 1038 2918 ipsum
1066 2884 1238 2908 amorem.
