1912 3310
1025 183 1070 217 56

282 298 334 339 ab
355 297 600 350 Aesculapio
628 297 670 338 in
696 297 825 339 vitam
854 298 1091 339 revocatum
1123 297 1167 338 in
1200 296 1306 338 valle
1323 295 1494 337 Aricina
1526 295 1739 337 collocarit
1769 296 1810 336 et
1849 340 1855 344 ,

282 364 398 405 cultu
430 363 601 404 ornarit.
663 362 787 405 Cuius
819 363 954 406 cultus
980 363 1207 417 singularia
1230 363 1612 415 Metamorphoseon
1637 361 1810 404 carmini

280 443 427 483 parum
447 430 727 471 convenientia
746 432 865 483 poeta
883 430 1000 483 quasi
1016 429 1177 482 supplet
1199 429 1307 470 Fast.
1325 429 1399 482 III,
1415 430 1496 470 259
1514 441 1587 482 sq,
1619 429 1689 470 ubi
1707 429 1809 482 Ege-

280 496 384 538 riam
416 496 640 550 nympham
672 496 888 538 adlocutus
920 496 968 537 de
1001 496 1106 537 valle
1139 496 1305 537 Aricina
1334 496 1434 537 haec
1464 496 1618 549 profert
1639 509 1675 538 v.
1708 497 1809 537 265:

480 575 546 616 hic
576 575 678 616 latet
708 574 960 628 Hippolytus
990 574 1110 615 furiis
1143 574 1326 627 direptus
1362 587 1572 628 equorum,

562 641 670 682 unde
701 653 843 682 nemus
872 641 998 682 nullis
1028 641 1132 682 illud
1167 641 1306 683 aditur
1337 641 1462 695 equis.

279 709 395 750 Idem
427 708 610 761 perhibet
643 708 851 760 Vergilius
883 709 1001 760 (Aen.
1037 708 1128 762 VII,
1161 709 1240 750 778
1271 710 1366 762 sq.),
1409 722 1529 762 quem
1559 708 1724 751 Servius
1754 709 1812 750 sic

284 776 607 817 commentatur:
656 773 842 828 ‘exponit
882 771 931 815 τὸ
981 770 1148 827 αἶ’τιον;
1194 789 1290 817 113111
1323 775 1605 818 Callimachus
1648 776 1812 829 scripsit

285 837 414 892 αἴτια,
446 842 489 882 in
523 842 670 895 quibus
709 842 835 883 etiam
871 842 949 883 hoc
986 843 1294 884 commemorat'
1320 845 1344 883 ¹.
1403 843 1640 885 Memineris
1672 845 1812 885 autem

280 909 537 951 reconditum
583 909 733 961 aetion,
785 921 857 950 cur
902 910 1040 951 nullus
1085 910 1197 950 canis
1237 910 1383 951 Delum
1426 910 1605 960 accedat,
1651 911 1813 963 praeter

283 976 585 1018 Callimachum
603 976 699 1029 (frg.
719 977 742 1017 9
758 976 899 1030 Schn.)
923 976 1117 1018 Ovidium
1144 989 1304 1029 quoque
1329 977 1520 1030 attigisse
1542 977 1619 1025 (Ib.
1637 977 1718 1018 475
1735 978 1812 1030 sq.)

281 1044 322 1085 et
350 1056 509 1084 mecum
540 1044 739 1096 exquiras,
772 1056 869 1084 num
903 1044 966 1084 illi
999 1044 1381 1096 Metamorphoseon
1414 1044 1502 1085 loco
1535 1044 1677 1097 insint,
1709 1056 1813 1097 quae

282 1110 506 1151 Battiadae
537 1111 681 1159 artem.
715 1123 836 1163 quam
862 1111 1067 1152 Nasonem
1102 1111 1262 1162 saepius
1293 1111 1496 1151 sectatum
1528 1123 1614 1152 esse
1635 1112 1811 1160 constat,

281 1177 447 1230 spirent.
509 1177 719 1218 Nimirum
750 1177 857 1231 quod
887 1177 1058 1219 Ovidius
1099 1176 1147 1217 de
1188 1176 1365 1218 nominis
1406 1178 1637 1219 mutatione
1681 1178 1812 1220 tradit

281 1257 317 1286 v.
351 1245 431 1285 54⁴2
464 1257 550 1297 sq.:

615 1324 845 1365 nomenque
875 1312 1013 1362 simul,
1047 1311 1155 1365 quod
1187 1313 1315 1365 possit
1341 1324 1538 1366 equorum

481 1378 752 1429 admonuisse,
797 1379 910 1420 iubet
946 1379 1156 1432 deponere,
1200 1372 1312 1432 ‘qui'
1353 1392 1430 1433 que
1471 1376 1612 1421 ‘fuisti

479 1439 766 1501 Hippolytus',
797 1446 902 1487 dixit
929 1445 1057 1488 ‘nunc
1087 1447 1196 1488 idem
1228 1447 1395 1488 Virbius
1428 1447 1545 1498 esto‘,

281 1514 561 1556 admonefacit
606 1526 677 1555 nos
714 1513 931 1567 Hippolyti
971 1513 1089 1555 furiis
1134 1527 1332 1568 equorum
1370 1514 1534 1568 direpti,
1580 1527 1660 1568 quo
1706 1514 1809 1556 illud

280 1582 418 1623 aetion
446 1581 682 1634 explicatur.
741 1580 978 1623 Artificiosa
1016 1582 1155 1622 autem
1188 1581 1406 1623 antithesis
1437 1582 1664 1635 nominum,
1706 1594 1810 1635 quae

280 1650 419 1702 aperte
456 1648 729 1702 veriloquium
767 1648 987 1701 significat,
1033 1649 1275 1702 interpretes
1305 1648 1427 1702 fugit.
1488 1649 1597 1690 Nam
1641 1648 1810 1703 syllabis

278 1709 433 1770 ‘lytus’
464 1717 503 1757 et
533 1712 661 1756 ‘hius'
694 1728 803 1757 mors
832 1717 871 1757 et
902 1716 989 1758 vita
1020 1715 1149 1769 (βίος)
1185 1716 1292 1758 inter
1331 1729 1372 1758 se
1403 1717 1684 1770 opponuntur;
1730 1727 1809 1770 quo

279 1783 413 1825 tendit
444 1783 654 1825 Lactantii
684 1783 788 1824 illud
821 1783 913 1836 (Ov.
937 1784 1033 1825 Met.
1063 1784 1141 1825 XV
1172 1784 1199 1825 f.
1234 1785 1328 1836 45):
1371 1779 1419 1825 ‘a
1447 1797 1638 1827 converso
1669 1784 1811 1838 itaque

280 1850 444 1891 nomine
482 1851 579 1892 deus
610 1851 778 1892 Virbius
818 1852 878 1893 est
916 1845 1168 1905 appellatus'
1205 1853 1244 1893 et
1276 1852 1486 1906 Vergilius
1518 1851 1543 1893 l.
1574 1852 1601 1893 l.
1634 1865 1670 1894 v.
1704 1853 1810 1893 777:

277 1912 496 1970 ‘versoque
518 1918 587 1959 ubi
618 1919 783 1959 nomine
806 1919 972 1960 Virbius
1004 1919 1136 1960 esset’.
1195 1919 1399 1961 Debemus
1429 1919 1572 1973 igitur,
1603 1919 1645 1960 ni
1674 1919 1809 1970 fallor,

279 1985 591 2026 subauscultare
629 1981 826 2041 ἡρώβιον,
879 1986 994 2027 cuius
1040 1986 1257 2039 veriloquii
1301 1986 1585 2028 testimonium
1631 1987 1764 2028 exstat
1781 1988 1809 2028 ².

416 2087 426 2105 ¹
454 2085 540 2130 Frg.
570 2087 589 2117 7
617 2084 723 2119 Sehn.
752 2085 795 2118 In
820 2085 1032 2130 indagando
1061 2086 1153 2126 1000,
1183 2098 1291 2130 quem
1320 2086 1389 2121 1100
1415 2086 1665 2132 fragmentum
1682 2090 1811 2122 tenere

279 2136 455 2187 potuerit,
494 2144 653 2177 multum
691 2144 828 2178 laboris
862 2145 934 2178 viri
967 2145 1067 2179 docti
1095 2149 1414 2190 consumpserunt.
1467 2145 1668 2180 Schneider
1704 2145 1810 2190 (Call.

279 2201 313 2235 II
339 2214 373 2246 p.
400 2203 444 2235 72
471 2207 540 2246 sq.)
568 2206 604 2236 et
628 2202 819 2248 Herzberg
851 2203 1084 2247 (Zeitschrift
1114 2204 1175 2238 fiir
1197 2204 1445 2238 Alterthwiss.
1479 2205 1565 2238 1847
1599 2216 1633 2249 p.
1656 2206 1735 2248 133)
1772 2205 1811 2238 in

279 2261 399 2305 primo
419 2262 602 2296 aetiorum
621 2262 716 2296 libro
736 2266 865 2306 aptum
883 2263 1004 2297 locum
1022 2263 1204 2298 invenisse
1227 2263 1297 2297 sibi
1315 2264 1385 2297 visi
1406 2267 1506 2306 sunt;
1535 2267 1664 2297 contra
1681 2262 1810 2298 Rauch

280 2319 382 2365 (Frg.
410 2320 444 2354 d.
473 2320 563 2355 Call.
591 2333 625 2365 p.
654 2322 712 2364 28)
741 2322 779 2355 in
806 2322 935 2356 altero.
987 2322 1098 2366 Apud
1124 2326 1304 2367 utrosque
1331 2322 1439 2357 firma
1464 2326 1686 2368 argumenta
1716 2323 1810 2357 desi-

279 2379 437 2420 derabis,
466 2393 552 2415 nam
574 2381 716 2416 ineerta
740 2382 890 2416 incertis
909 2383 1092 2416 nituntur.
1132 2383 1257 2417 Donec
1276 2382 1432 2422 felicius,
1453 2394 1563 2427 quam
1583 2381 1809 2416 Schneidero

278 2439 447 2484 contigit,
475 2443 509 2474 et
537 2440 698 2484 uberius,
727 2452 837 2484 quam
852 2440 1018 2476 Rauchio
1035 2442 1151 2484 licuit,
1178 2442 1421 2476 constitutum
1447 2441 1529 2485 erit,
1557 2441 1645 2485 quid
1665 2451 1810 2486 quoque

278 2496 373 2531 libro
403 2501 605 2532 tractatum
631 2499 690 2542 sit,
718 2500 849 2534 melius
876 2500 970 2535 duco
998 2500 1231 2535 coniectandi
1258 2500 1502 2544 cupiditatem
1528 2500 1740 2544 reprimere.

413 2557 426 2576 2
452 2557 582 2592 Altera
608 2558 731 2592 Virbii
757 2559 990 2594 derivatione
1018 2571 1038 2593 a
1063 2558 1140 2594 ‘bis
1166 2557 1256 2604 vir’,
1296 2571 1406 2604 quam
1434 2560 1497 2594 vix
1524 2559 1663 2594 Graeco
1690 2570 1809 2594 exem-

278 2615 376 2659 plari
403 2615 567 2660 adaptes,
598 2617 796 2652 subaudita
823 2619 973 2653 nomina
999 2631 1072 2653 non
1099 2622 1175 2653 tam
1202 2618 1400 2654 artificiose
1428 2619 1527 2653 inter
1555 2630 1593 2652 se
1619 2629 1808 2662 opponun-

281 2677 354 2708 tur.
382 2694 423 2698 —
453 2673 639 2718 Quattuor
668 2680 791 2710 autem
816 2677 1011 2721 proferunt
1040 2678 1199 2712 nominis
1227 2690 1370 2712 causas:
1397 2689 1474 2712 esse
1499 2677 1621 2712 virum
1652 2677 1708 2711 bis
1734 2676 1808 2711 fac-

278 2736 359 2767 tum
385 2735 449 2767 aut
474 2733 597 2767 virum
623 2734 760 2768 bonum
788 2739 851 2769 aut
876 2735 1071 2770 herobium
1098 2740 1277 2781 tanquam
1314 2733 1412 2782 ἥρωα
1443 2731 1713 2779 &musam-adm
1744 2738 1810 2770 aut

278 2791 400 2835 deum,
426 2791 490 2836 qui
515 2791 666 2826 Viribus
692 2794 850 2838 praesit;
880 2794 925 2829 cf.
956 2794 1116 2829 Cassiod.
1144 2795 1189 2830 de
1215 2795 1382 2841 orthogr.
1409 2807 1444 2839 p.
1472 2796 1515 2830 81
1543 2795 1587 2829 Κ.
1604 2793 1806 2830 Buecheler

277 2849 346 2885 Rh.
374 2850 467 2884 Mus.
496 2850 634 2885 XXXV
659 2862 695 2895 p.
725 2852 781 2887 69.
