1912 3310
1021 162 1066 195 58

280 260 422 314 modies
451 274 607 315 erectus
637 274 679 316 in
697 268 850 326 auras'‚
884 276 991 329 quod
1023 277 1169 318 notatu
1191 276 1384 329 dignum3
1417 276 1513 329 quia
1533 276 1620 317 fieri
1642 275 1808 329 quidem

280 339 426 391 potuit,
469 340 516 380 ut
554 340 748 394 imaginis
789 342 1016 383 recordatio
1058 343 1221 395 poetam
1258 342 1310 383 ad
1351 342 1456 383 hanc
1491 342 1698 383 fictionem
1728 341 1808 382 im-

278 405 457 459 pelleret,
504 408 611 460 quod
654 408 694 448 in
732 409 1010 450 Alexandrina
1049 409 1158 461 poesi
1201 408 1309 449 haud
1354 409 1477 449 semel
1524 409 1681 450 factum
1725 421 1808 449 esse

281 473 455 513 constat.
516 473 625 515 Nam
647 475 772 515 simili
796 475 914 516 modo
947 488 966 516 e
989 475 1093 515 mari
1129 487 1337 527 emergens
1368 474 1437 516 ille
1471 475 1542 516 bos
1573 475 1708 527 pictus
1747 475 1808 515 est

278 538 319 579 in
351 542 725 592 repraesentatione
756 542 901 582 mortis
933 541 1148 595 Hippolyti
1182 542 1223 582 in
1256 554 1350 583 vase
1372 543 1506 595 Apulo
1539 541 1712 583 Londini
1742 554 1806 583 as·

279 607 440 648 servato
463 609 487 654 ¹,
541 608 649 661 quod
694 610 903 660 praeterea
949 609 1128 650 ostendit
1175 622 1371 662 equorum
1417 605 1578 651 λύσσαν
1627 609 1808 650 humana

277 673 408 725 specie
456 673 665 725 indutam3
717 675 823 716 unde
866 675 987 717 facile
1030 689 1226 729 equorum
1271 676 1401 718 furiae
1446 677 1572 730 repeti
1624 677 1808 730 possunt,

278 752 301 780 a
348 740 496 792 quibus
533 740 704 783 Ovidius
749 742 877 791 (Fa-st.
912 743 985 792 ΙΙΙ,
1020 744 1118 793 265)
1162 744 1323 785 heroem
1369 745 1553 785 nostrum
1601 744 1808 797 direptum

278 805 413 859 fingit.
489 807 656 850 Tacitus
697 810 835 850 autem
886 810 1053 863 quidam
1100 823 1240 851 sensus
1291 811 1453 860 suadet,
1506 812 1553 852 ut
1595 811 1721 852 etiam
1765 810 1808 850 in

278 874 495 928 Hippolyti
541 875 675 917 verbis
717 876 789 918 Ov.
831 878 911 918 514
949 890 1028 930 sq.:
1075 877 1199 918 ‘mihi
1245 890 1358 919 mens
1404 878 1596 919 interrita
1642 877 1809 926 mansit,

279 941 442 983 Exsiliis
493 943 684 985 contenta
732 944 829 985 suis'
879 943 1205 986 Alexandrinum
1253 946 1464 986 auctorem
1511 945 1638 987 animi
1685 944 1807 986 affec-

277 1008 367 1049 tum
413 1009 699 1063 depingentem
747 1023 982 1065 agnoscam.
1060 1011 1204 1053 Potuit
1250 1012 1416 1065 quidem
1466 1012 1550 1053 iam
1597 1012 1806 1066 tragicum

279 1078 483 1131 exemplar
528 1077 655 1118 simili
700 1079 940 1119 ornamento
986 1078 1119 1119 locum
1168 1078 1277 1132 dare,
1323 1091 1413 1120 cum
1448 1078 1600 1121 Seneca
1631 1092 1668 1120 v.
1702 1080 1809 1120 1054

281 1145 418 1186 narret
449 1144 721 1199 Hippolytum
760 1145 891 1187 solum
933 1147 1158 1187 immunem
1199 1147 1312 1187 metu
1356 1146 1492 1188 fuisse.
1551 1145 1599 1187 In
1644 1142 1809 1187 servata

281 1211 438 1254 Graeca
469 1212 610 1254 fabula
640 1213 744 1254 talia
776 1212 924 1254 desunt
942 1214 968 1254 2.
1028 1213 1165 1266 Ipsam
1197 1213 1372 1266 denique
1412 1213 1617 1255 fabulam:
1661 1224 1809 1254 nover-

280 1292 349 1322 cae
377 1292 557 1321 amorem
588 1279 665 1320 filii
696 1279 907 1332 virtutem,
932 1282 1051 1333 poeta
1074 1281 1288 1322 Romanus
1314 1281 1355 1321 in
1388 1280 1685 1334 perangustum
1707 1292 1808 1333 pau-

280 1360 420 1390 corum
468 1359 658 1389 versuum
705 1348 805 1400 <500
846 1347 922 1400 sq.)
967 1348 1169 1389 ambitum
1215 1347 1421 1390 coartavit
1466 1347 1610 1389 subtili
1646 1347 1728 1389 fere
1769 1346 1810 1387 et

279 1416 486 1469 cogitatae
517 1415 713 1456 brevitati
744 1415 931 1463 studens;
967 1428 1095 1468 neque
1125 1415 1167 1456 in
1199 1427 1243 1456 eo
1275 1415 1324 1456 ab
1356 1414 1575 1467 exemplari
1606 1413 1807 1464 recedens,

277 1483 480 1536 siquidem
508 1484 674 1538 poetam
708 1481 975 1536 Cyrenensem
1009 1484 1151 1523 notum
1185 1483 1244 1523 est
1274 1482 1316 1522 in
1360 1482 1594 1523 fabularum
1636 1480 1808 1534 popula-

278 1551 384 1591 rium
416 1550 696 1592 illustratione
733 1550 948 1591 brevitatis
992 1563 1110 1591 suum
1156 1551 1418 1603 praeceptum
1465 1562 1587 1602 quam
1633 1548 1809 1590 maxime

279 1617 512 1659 observasse
529 1620 556 1658 3.
616 1617 762 1671 Itaque
796 1618 1139 1659 verisimillimum
1173 1619 1233 1659 est
1264 1631 1308 1659 ex
1339 1617 1478 1658 eodem
1514 1616 1692 1657 similive
1712 1615 1808 1657 Ale-

277 1684 478 1726 xandrino
510 1685 622 1726 fonte
644 1684 945 1726 Philostratum
980 1685 1162 1726 hausisse
1192 1685 1377 1726 fabulam
1408 1684 1470 1725 his
1500 1683 1677 1725 breviter
1699 1685 1808 1724 com-

277 1752 591 1805 prehendentem
621 1751 730 1801 (Scn.
755 1753 886 1806 Imag.
909 1752 962 1803 ΙΙ,
995 1753 1057 1804 4);
1090 1748 1276 1806 μητρυιὰ
1307 1748 1386 1805 γὰρ
1411 1750 1578 1803 Φαίδρα
1599 1750 1808 1802 §cyatica

274 1818 401 1872 λόγον
432 1817 499 1860 ἐπ’
527 1812 647 1874 αιῗτῴ
682 1820 763 1861 οὐκ
795 1812 909 1869 ὄντα,
942 1817 1000 1868 (ὃς
1030 1817 1080 1876 δή
1103 1818 1239 1875 ἐρῷτο
1264 1815 1349 1859 ὑπὸ
1373 1819 1450 1860 τοῦ
1471 1813 1733 1859 Ἱππολύτου
1754 1841 1804 1862 ,-

276 1880 381 1941 αιῗτὴ
420 1885 466 1928 δὲ
510 1880 593 1939 ἄρα
636 1887 712 1928 τοῦ
749 1885 974 1940 μειρακίου
1013 1879 1096 1940 ἦρα
1147 1911 1190 1915 -
1239 1880 1459 1926 ἅῑῑατᾶται
1491 1881 1513 1926 ὁ
1550 1880 1716 1939 Θησεῖ-ς
1745 1884 1808 1939 τῷ

413 2079 423 2098 ¹
453 2077 505 2113 Cf.
531 2079 663 2113 Korte:
692 2079 872 2114 Personif.
901 2079 1027 2124 psych.
1054 2079 1186 2114 Affect.
1214 2079 1236 2113 i.
1263 2079 1298 2113 d.
1326 2078 1410 2113 Vas.
1437 2078 1524 2113 Mal.
1553 2090 1588 2123 p.
1608 2079 1652 2112 36
1671 2089 1724 2121 sq.
1764 2077 1808 2111 In

279 2138 495 2172 memoriam
511 2149 661 2172 revoces
676 2138 922 2182 Antiphilum,
949 2139 1011 2182 qui
1025 2138 1137 2182 primi
1155 2138 1360 2172 Ptolemaei
1382 2137 1457 2172 fere
1476 2137 1706 2182 temporibus
1722 2136 1806 2170 Ale-

277 2196 455 2230 xandriae
483 2196 610 2230 floruit
636 2197 793 2230 Brunnii
820 2197 956 2232 iudicio
984 2197 1302 2242 (Kiinstlergesch.
1330 2197 1364 2230 ΙΙ
1394 2209 1428 2241 p.
1448 2197 1518 2230 249
1550 2196 1619 2240 sq.)
1645 2195 1807 2240 pinxisse

276 2253 542 2300 ‘Hippolytum
561 2259 692 2290 tauro
713 2256 873 2290 emisso
892 2255 1205 2300 expavescentem’
1218 2283 1226 2299 ,
1239 2261 1280 2290 ut
1297 2256 1438 2290 Plinius
1458 2255 1659 2300 tNatflist.
1669 2254 1807 2288 XXXV

281 2314 359 2358 114)
386 2318 554 2349 testatur.
596 2335 637 2339 -
679 2315 805 2349 Brunn
832 2315 876 2349 de
904 2315 973 2349 hac
999 2316 1144 2359 pictura
1173 2315 1364 2359 disputans
1390 2326 1586 2359 perperam
1611 2314 1656 2348 ad
1683 2314 1807 2348 Philo·

281 2377 439 2407 stratum
463 2373 560 2417 (Seu.
587 2373 701 2419 Imag.
729 2374 774 2416 H7
803 2375 836 2417 4)
863 2375 1080 2418 provocavit
1108 2375 1130 2408 l.
1158 2375 1194 2415 l,
1222 2374 1399 2408 Fleckeis.
1428 2373 1554 2417 Suppl.
1581 2372 1630 2407 IV
1656 2384 1691 2417 p.
1719 2373 1807 2416 2183

278 2431 323 2466 ef.
350 2432 584 2467 Friederichs
610 2433 643 2467 d.
671 2433 886 2467 Philostrat.
915 2433 1009 2467 Bild.
1036 2445 1070 2477 p.
1101 2435 1145 2467 73
1173 2433 1351 2467 Fleckeis.
1379 2432 1507 2476 Suppl.
1535 2432 1565 2465 V
1591 2443 1625 2476 p.
1657 2431 1733 2465 161.

414 2491 426 2511 ²
452 2491 509 2525 Ex
543 2492 758 2527 Callimachi
789 2492 1010 2537 fragmentis
1042 2492 1089 2526 ad
1121 2492 1215 2526 hanc
1252 2491 1448 2536 Hippolyti
1480 2491 1611 2525 mortis
1647 2489 1807 2534 descrip-

278 2549 416 2585 tionem
449 2549 585 2584 referri
618 2551 735 2594 possit
767 2551 841 2596 frg.
879 2563 983 2585 anon.
1021 2551 1085 2585 136
1125 2551 1248 2595 (Schn.
1281 2551 1316 2584 II
1348 2562 1383 2594 p.
1411 2550 1511 2595 738):
1552 2544 1633 2593 ὦρτ’
1666 2549 1706 2583 ἐν
1736 2548 1809 2594 μὲν

277 2620 375 2652 ,Μεγίί
401 2621 508 2653 ΖΓΔΙᾹΜ.

411 2666 424 2686 ³
452 2665 505 2700 Cf.
532 2666 684 2711 Dilthe5
710 2669 733 2701 l.
760 2669 782 2701 l.
810 2679 844 2712 p.
874 2670 917 2701 24
945 2680 997 2712 sq.
1039 2688 1080 2692 —
1121 2668 1179 2702 Sic
1206 2668 1243 2701 in
1271 2668 1406 2702 Hecale
1438 2671 1549 2712 poeta
1576 2666 1718 2710 Scyllae
1752 2665 1805 2700 fa-

279 2724 403 2758 bulam
426 2725 560 2759 foitass
547 2738 582 2760 se
608 2728 733 2787 paucis
760 2728 824 2761 abs
828 2728 921 2762 olvit
947 2728 1008 2766 (cf.
1029 2727 1193 2762 Naekel.
1212 2728 1234 2761 l.
1259 2739 1294 2771 p.
1316 2728 1376 2771 62)
1400 2731 1437 2761 et
1463 2726 1615 2760 Ovidius
1641 2725 1805 2759 fabulam

279 2782 323 2817 de
348 2782 558 2818 Minotauro
586 2793 621 2819 et
649 2769 811 2820 Ariadna
845 2787 972 2831 paucis
1008 2798 1184 2821 enarrans
1223 2786 1551 2830 (Met.V111,171
1579 2784 1645 2829 sq.)
1682 2782 1807 2828 potuit

279 2841 494 2881 Callimachi
520 2845 729 2891 exemplum
756 2846 858 2891 sequi
887 2845 947 2889 (cf.
977 2845 1106 2881 Rauch
1133 2845 1156 2879 1.
1183 2845 1206 2879 l.
1232 2857 1267 2890 p.
1296 2844 1366 2890 54).
