1912 3310
0 217 5 227 “
5 149 15 189 -.κ
0 0 22 140 mvn-n!

844 201 889 235 95

101 315 330 358 similitudo
374 317 744 370 tergiversantibus
772 314 932 357 -omnia
976 313 1229 355 deverticula
1274 312 1527 354 intercludit.
1574 335 1629 340 —-

101 382 391 435 Quaestionem
422 384 559 426 antem
591 384 720 433 illam,
766 382 907 423 utrum
937 382 1057 434 poeta
1089 380 1300 421 bucolicus
1332 380 1431 421 haec
1461 380 1512 420 ab
1542 379 1629 432 ipso

99 450 260 503 tragico
291 450 599 504 deprompserit,
645 464 696 492 an
737 449 808 491 alii
847 450 1033 490 auctores
1080 446 1398 496 intercesserint,
1446 446 1555 487 haud
1588 446 1631 486 in

99 529 251 570 magno
299 518 488 571 equidem
532 530 682 571 ponam
723 516 969 557 discrimine.
1047 513 1342 566 Comprobasse
1394 512 1524 565 pluris
1573 513 1633 553 est

100 583 262 626 fluxisse
299 584 404 626 talia
444 585 495 626 ab
522 584 751 636 Euripidea
790 583 900 635 poesi
942 585 981 623 et
1016 581 1215 634 dissipata
1260 580 1384 621 fuisse
1430 580 1542 629 adeo,
1589 581 1636 620 ut

99 652 243 705 poetae
273 651 525 692 carminibus
556 650 779 691 nescientes
811 649 944 691 aliena
980 649 1221 690 ornamenta
1260 660 1332 700 pro
1375 648 1458 688 suis
1501 647 1636 689 inclu-

101 719 243 760 derent
283 718 531 768 discrimine,
578 720 625 758 ut
668 718 908 771 plerumque
949 717 1010 764 fit,
1056 717 1163 757 inter
1200 717 1381 758 diversas
1419 716 1637 770 Hippolyti

99 786 263 828 fabulae
293 785 544 827 recensiones
574 785 745 826 remoto.

232 852 368 894 Simili
398 852 558 893 ratione
588 852 791 904 tanquam
827 851 991 891 vincula
1023 850 1146 891 alieni
1177 850 1341 891 arbitrii
1365 850 1505 891 laxata
1526 850 1635 902 sunt,

101 932 125 961 a
156 932 236 973 quo
267 918 490 960 nonnullae
521 918 685 960 fabulae
716 918 939 960 maximam
981 918 1139 970 partem
1180 917 1222 957 in
1255 917 1468 958 Parthenii
1498 916 1636 958 libello

101 986 281 1028 traditae
309 987 416 1028 inter
444 986 688 1027 illicitorum
720 998 907 1027 amorum
940 984 1196 1026 narrationes
1218 984 1518 1026 Alexandrinas
1539 997 1636 1037 pen-

102 1054 218 1102 dent;
262 1066 377 1107 quas,
424 1055 626 1107 quantum
661 1053 712 1094 de
743 1053 898 1106 pudore
929 1051 1093 1093 libidini
1127 1052 1358 1093 occultatae
1387 1051 1542 1093 frustra
1574 1064 1638 1093 re-

101 1121 287 1163 luctante
317 1121 436 1163 etde
466 1121 636 1163 alterius
681 1132 876 1173 personae
919 1119 1081 1161 crimini
1127 1119 1370 1172 opitulantis
1414 1119 1637 1160 intercessu

101 1190 255 1244 agitur,
287 1189 338 1231 ad
370 1189 537 1231 eandem
571 1201 758 1229 normam
789 1188 913 1240 atque
944 1187 1050 1236 illas,
1084 1187 1131 1228 de
1162 1187 1308 1239 quibus
1330 1186 1451 1228 modo
1474 1187 1637 1228 locutus

101 1271 205 1311 sum,
235 1259 296 1300 ita
327 1258 576 1311 compositas
606 1270 702 1306 esse,
742 1257 788 1296 ut
820 1256 945 1297 etiam
978 1254 1222 1307 Euripide-ae
1252 1254 1463 1295 Phaedrae
1494 1255 1638 1296 aucto-

101 1325 204 1366 ritas
240 1325 332 1378 plus
370 1325 507 1366 minus
544 1324 791 1374 intermicet,
831 1321 1032 1375 extemplo
1064 1321 1284 1374 perspicias
1305 1322 1328 1362 ¹.
1378 1345 1426 1348 —
1472 1323 1636 1374 Agmen

102 1393 228 1435 ducat
257 1394 567 1447 Hermesianax‚
614 1393 684 1446 qui
730 1392 772 1433 in
814 1392 983 1433 Leontio
1022 1390 1245 1431 Parthenio
1283 1390 1356 1441 (V)
1389 1389 1555 1430 auctore
1587 1389 1635 1430 de

103 1461 304 1514 Leucippo
335 1461 512 1514 quodam
545 1461 643 1502 haec
677 1459 880 1501 narravit:
918 1447 1050 1506 οὗτος
1082 1454 1187 1498 κατὰ
1216 1461 1344 1511 μῆνιν
1370 1456 1636 1512 Ἀφροδίτης

102 1525 164 1577 εἷς
195 1525 338 1581 ἔρωτα
366 1521 632 1582 ἀφικόμενος
665 1526 738 1581 τῆς
782 1525 970 1582 Ἠελφῆς,
1002 1523 1109 1574 τέως
1130 1524 1209 1577 μὲν
1232 1522 1461 1577 ἐκαρτέρει,
1494 1520 1634 1576 οἰόμε-

102 1611 174 1645 νος
203 1597 340 1653 ῥᾷστα
371 1588 714 1646 οἷπαλλάξασθαι
750 1594 824 1649 τῆς
855 1593 1003 1634 νόσου·
1044 1591 1141 1633 ε’[ιεί
1172 1590 1317 1643 μέντοι
1356 1590 1511 1644 χρόνου
1547 1591 1635 1632 δια-

101 1661 331 1717 γενομένου
363 1661 461 1704 οὐδὲ
491 1660 559 1703 ἐπ’
591 1655 735 1715 ὀλίγον
766 1656 914 1716 ἐλώφα
947 1656 996 1700 τι)
1028 1655 1195 1708 πάθος,
1243 1653 1541 1700 ἀνακοινοῦται
1586 1660 1636 1715 τῇ

102 1728 230 1784 μητρὶ
262 1728 331 1770 καὶ
361 1725 502 1770 πολλὰ
532 1727 802 1779 καθικέτευε,
832 1727 887 1782 μ’]
921 1726 1135 1779 περιιδεῖν
1164 1720 1301 1767 αὐτὸν
1322 1720 1635 1779 ἄπολλίχιιενον·

102 1793 140 1837 εἰ
172 1792 252 1850 γάρ
286 1790 402 1851 αἰτῴ
432 1792 489 1850 μὴ
521 1791 830 1850 συνεργήσειεν,
868 1789 1142 1849 ι’ἷῑτοσφάξειν
1173 1790 1308 1834 αὑτὸν
1341 1787 1520 1848 ἠπείλει.
1566 1795 1636 1835 Iu-

102 1863 215 1905 venis
236 1864 393 1916 spurcis
418 1864 574 1917 perdite
605 1864 784 1905 amantis
816 1863 998 1904 mulieris
1030 1863 1233 1904 coloribus
1265 1862 1424 1903 effictus
1456 1861 1636 1903 Alexan-

103 1930 316 1972 drinorum
361 1943 493 1972 mores
538 1930 793 1972 effeminatos
837 1930 1033 1971 redolet2.
1095 1924 1274 1970 Luctans
1315 1930 1454 1970 autem
1494 1930 1534 1970 et
1570 1928 1636 1969 fu-

103 1997 212 2039 riosa
240 1997 412 2039 libidine
443 1997 629 2052 agitatus
658 1998 833 2050 animm,
865 1997 934 2050 qui
967 1996 1215 2038 consistendi
1247 1997 1383 2038 locun]
1415 2008 1493 2037 non
1526 2008 1634 2049 repe-

105 2064 171 2115 rit,
202 2063 329 2105 donec
361 2065 610 2106 confessione
642 2065 891 2112 1·elaxatur³‚
923 2064 974 2106 ad
1007 2064 1113 2117 quod
1149 2064 1354 2117 exemplar
1386 2063 1545 2104 effictus
1568 2063 1635 2116 sit,

103 2142 184 2172 non
215 2143 314 2184 opus
343 2132 404 2173 est
431 2131 574 2173 multis
605 2132 833 2184 explanare.
895 2132 1032 2184 Atque
1064 2131 1171 2184 quod
1203 2130 1438 2172 adulescens
1460 2131 1635 2172 mortem

103 2198 300 2249 minatur,
348 2198 382 2239 si
421 2198 582 2240 sceleris
623 2200 783 2251 sperata
817 2198 1007 2239 ministra
1040 2211 1156 2251 opem
1186 2199 1394 2251 praestare
1426 2198 1547 2248 nolit,
1593 2197 1635 2238 in

104 2264 244 2306 eadem
274 2278 318 2307 re
348 2265 526 2307 vidimus
557 2266 788 2307 Phaedram
822 2265 1015 2319 Myrrhae
1053 2265 1233 2318 exemplo
1280 2264 1403 2306 fuisse
1442 2264 1509 2315 (cf.
1543 2264 1635 2306 Seu.

104 2331 257 2374 Phaed.
289 2333 370 2374 250
401 2345 475 2386 sq„
509 2332 582 2374 Ov.
614 2333 713 2374 Met.
743 2333 793 2383 Χ,
824 2333 919 2383 428,
953 2331 1033 2373 Cir.
1066 2333 1146 2373 276
1177 2333 1269 2386 sq.).
1302 2355 1356 2361 —
1386 2332 1636 2374 Parthenius

238 2531 251 2550 ¹
275 2530 448 2565 Matrona
473 2530 634 2575 Ephesia
669 2530 732 2564 vix
765 2532 1056 2564 commemoratu
1083 2529 1208 2574 digna,
1250 2528 1322 2562 nisi
1360 2528 1459 2572 quod
1498 2529 1636 2563 ancilla

105 2589 246 2624 refecta
272 2589 425 2634 pot-ione
451 2594 488 2624 et
514 2590 596 2623 cibo
617 2589 787 2623 dominae
805 2588 1051 2632 pertinaciam
1071 2599 1300 2632 expugnasse
1318 2586 1456 2621 dicitur
1471 2586 1634 2631 (Petron.

107 2647 183 2683 Sat.
213 2649 274 2682 111
303 2648 344 2683 B.
395 2647 447 2682 Cf.
473 2647 628 2682 Phaedr.
655 2647 746 2681 Fab.
773 2647 943 2691 Append.
976 2648 1043 2691 13).

241 2707 255 2727 ²
280 2706 478 2751 Euripides
518 2706 554 2740 in
586 2706 701 2740 Aeolo
743 2706 903 2739 delicato
943 2717 1049 2739 sensu
1087 2708 1312 2740 crescentem
1342 2708 1379 2739 et
1417 2705 1526 2739 altius
1564 2715 1636 2738 ser-

106 2768 253 2809 pentem
290 2765 453 2799 Macarei
494 2763 659 2799 furorem
697 2775 772 2797 non
814 2764 980 2808 exposite
1020 2764 1230 2808 depinxisse
1267 2763 1425 2804 videtur,
1466 2767 1508 2797 ut
1547 2763 1637 2797 alias

107 2823 309 2858 ostendam.

243 2882 256 2902 ³
282 2882 404 2916 Mater
430 2881 536 2916 lenae
561 2893 714 2916 munere
738 2880 927 2926 fungitur;
954 2893 1026 2925 quo
1053 2882 1168 2916 scelus
1195 2884 1364 2927 augetur.
