1912 3310
1057 216 1102 249 30

314 328 557 370 vocantibus
582 330 606 369 ¹.
661 329 742 370 Leo
775 329 937 381 quidem
970 342 1014 370 eo
1037 341 1272 382 progressus
1300 329 1359 369 est
1386 329 1441 381 (p.
1460 327 1571 382 178),
1604 329 1650 369 ut
1681 343 1725 370 ex
1758 342 1842 370 sar-

318 396 512 448 cophagis
557 396 819 437 concluderet
865 397 907 436 in
949 397 1081 448 priore
1112 395 1252 436 sabula
1282 395 1507 449 Hippolyto
1538 408 1608 449 per
1641 396 1843 437 nutricem

314 475 337 502 a
367 461 553 503 Phaedra
598 462 759 503 litteras
804 463 948 503 missas
994 475 1089 515 esse,
1131 462 1277 515 quibus
1317 462 1519 515 colloquio
1557 462 1664 502 inter
1697 475 1842 503 nover-

314 541 404 570 cam
452 529 492 569 et
531 528 768 581 privignum
813 529 1115 581 proluderetur3
1155 542 1431 582 praepropere,
1464 530 1510 569 ut
1541 529 1840 571 demonstrabo.

313 595 421 637 Nam
454 595 563 636 haud
593 595 759 646 abnues,
806 595 874 636 ubi
907 596 958 636 ad
989 608 1193 637 summam
1235 596 1363 638 totius
1394 597 1643 649 tragoediae,
1690 597 1841 638 amoris

314 663 620 715 confessionem,
670 663 837 702 ventum
880 664 952 713 est,
999 676 1143 716 parum
1191 665 1284 716 apte
1327 664 1485 705 decurri
1520 663 1569 705 ad
1603 663 1841 716 epistulam3

312 742 443 770 sermo
475 730 514 770 et
541 729 649 770 actio
680 729 882 770 dramatis
917 730 1030 771 nervi
1060 735 1167 771 sunt.
1202 731 1332 772 Aliter
1363 744 1423 772 res
1455 743 1496 772 se
1527 731 1648 771 habet
1678 731 1720 770 in
1752 743 1842 771 car-

313 797 492 837 minibus
538 796 744 849 elegiacis,
784 797 824 837 in
873 797 1020 849 quibus
1061 811 1083 838 a
1130 797 1259 850 poetis
1291 797 1580 838 Alexandrinis
1620 797 1841 850 epistulam

313 863 542 905 adhibitam
573 876 656 905 esse
687 876 801 916 spero
835 876 897 904 me
928 865 1067 916 postea
1098 865 1300 917 probabili
1330 865 1565 905 coniectura
1584 865 1842 905 demonstra-

312 932 451 971 turum
484 943 579 972 esse.
611 930 794 981 Accedit,
825 930 934 983 quod
964 931 1128 972 litterae
1158 943 1417 984 nequaquam
1448 932 1490 972 in
1530 932 1718 972 omnibus
1753 944 1840 972 sar-

313 998 509 1051 cophagis
539 997 807 1038 inveniuntur
829 998 856 1036 2.
933 996 1024 1047 Sed,
1064 997 1171 1050 quod
1202 1010 1285 1038 rem
1318 998 1512 1048 continet,
1542 998 1606 1039 fac
1638 998 1839 1039 nutricem

312 1065 464 1106 litteris
494 1064 711 1106 afferendis
744 1065 898 1105 incesto
931 1065 1115 1117 sequenti
1149 1065 1351 1117 colloquio
1382 1064 1618 1118 prolusisse,
1639 1065 1721 1106 iam
1740 1077 1841 1118 quo-

312 1145 408 1173 nam
442 1132 558 1173 vultu
591 1131 792 1184 modoque
833 1131 909 1172 tibi
953 1132 1079 1185 finges
1118 1132 1391 1185 Hippolytum
1423 1134 1685 1185 accepturum
1717 1132 1841 1173 fuisse

313 1198 575 1240 Phaedram?
616 1198 739 1251 Num,
780 1199 826 1238 ut
858 1198 1033 1240 Senecae
1064 1198 1326 1252 Hippolytus,
1367 1199 1498 1241 hilaro
1530 1200 1646 1241 vultu
1677 1199 1841 1241 honori-

312 1266 386 1307 fice
416 1267 462 1306 ut
494 1267 668 1306 matrem
700 1279 752 1307 an
783 1266 894 1306 tristi
927 1267 1062 1318 potius
1091 1267 1383 1308 contumeliose
1415 1269 1460 1308 ut
1491 1267 1704 1309 scortum?
1754 1267 1841 1308 Aut

312 1333 543 1374 Phaedram
590 1346 767 1374 amorem
811 1333 893 1374 iam
937 1334 1101 1387 fassam,
1149 1347 1350 1387 quaenam
1393 1335 1661 1387 suspicaberis
1700 1333 1840 1376 blandi

313 1401 484 1454 alloquii
507 1400 709 1442 lenocinia
731 1401 1060 1454 excogitaturam
1091 1402 1228 1454 fuisse,
1258 1402 1404 1455 quibus
1434 1402 1615 1455 privigni
1643 1401 1839 1442 virtutem

312 1469 596 1521 expugnaret?
660 1468 832 1509 Minime
875 1469 1028 1519 eadem,
1077 1482 1179 1522 quae
1224 1469 1332 1522 apud
1379 1469 1593 1519 Senecam,
1637 1481 1745 1519 nam,
1791 1480 1840 1509 ne

312 1536 443 1588 plura,
475 1537 606 1588 poeta,
639 1536 708 1589 qui
738 1536 899 1578 litteras
929 1537 1135 1585 insereret,
1179 1537 1311 1578 totam
1343 1549 1531 1578 scaenam
1562 1548 1726 1589 prorsus
1757 1535 1840 1577 alia

311 1603 470 1644 ratione
511 1604 635 1656 atque
678 1603 748 1644 ille
792 1604 1047 1645 conformare
1078 1604 1231 1653 debuit,
1270 1617 1394 1657 quam
1426 1605 1472 1644 ut
1503 1604 1726 1656 excogitem
1758 1615 1840 1644 non

312 1670 412 1711 satis
443 1671 562 1722 poeta
593 1683 696 1711 sum.
755 1671 833 1712 Leo
866 1672 1004 1712 autem
1034 1671 1118 1723 ipse
1158 1671 1377 1712 confitetur
1414 1672 1576 1724 poetam
1606 1671 1839 1712 Romanum

310 1737 353 1777 in
384 1737 461 1778 hac
491 1750 636 1779 scaena
666 1738 897 1779 exornanda
926 1738 978 1779 ad
1010 1750 1091 1779 non
1121 1739 1334 1792 vulgarem
1368 1738 1579 1780 escendere
1609 1737 1840 1791 pulchritu-

312 1805 448 1847 dinem
495 1818 718 1859 verumque
775 1806 996 1847 affectuum
1043 1806 1239 1859 vigorem.
1336 1805 1614 1847 Aestheticam
1666 1805 1839 1859 denique

312 1874 497 1914 nostram
543 1873 904 1914 ratiocinationem
953 1886 1032 1914 non
1080 1874 1221 1926 magni
1264 1873 1502 1926 pendentem
1543 1873 1685 1926 delego
1717 1874 1757 1914 te
1788 1873 1839 1914 ad

312 1941 476 1982 Racinii
520 1941 695 1994 politum
740 1940 1014 1992 limatumque
1057 1940 1269 1988 iudicium,
1308 1941 1449 1993 utpote
1494 1939 1564 1993 qui
1597 1953 1675 1981 non
1706 1940 1839 1981 solum

311 2008 478 2060 singula
510 2008 552 2048 in
585 2008 724 2049 eodem
757 2007 959 2060 colloquio
990 2007 1236 2048 illustrando
1268 2020 1312 2048 ex
1344 2006 1558 2060 tragoedia
1581 2006 1767 2047 Romana
1797 2007 1839 2047 in

311 2088 426 2116 suam
457 2075 688 2116 Phaedram
734 2074 1007 2124 transtulerit,
1060 2087 1199 2115 verum
1248 2075 1371 2116 etiam
1419 2074 1555 2128 capita
1586 2074 1702 2115 illinc
1738 2086 1841 2115 non-

311 2142 426 2183 nulla
457 2143 672 2182 mutuatus
704 2141 770 2191 sit,
803 2142 982 2194 optimus
1012 2141 1082 2182 ille
1112 2142 1312 2194 tanquam
1344 2154 1513 2194 sponsor
1547 2141 1698 2195 tragici
1719 2140 1840 2181 huius

311 2220 479 2249 scaenae
525 2207 760 2261 Graecoque
806 2208 1026 2261 exemplari
1066 2221 1158 2249 vere
1205 2208 1321 2262 digni
1365 2208 1568 2262 ponderis.
1606 2233 1649 2236 —-
1685 2208 1841 2260 Quibus

312 2275 483 2328 prolatis
527 2275 636 2317 haud
682 2288 889 2328 quaquam
929 2275 1013 2316 veri
1043 2275 1175 2316 simile
1218 2277 1278 2317 est
1308 2276 1612 2328 praecedentem
1650 2288 1839 2317 scaenam

311 2354 349 2383 v.
383 2342 462 2383 431
493 2355 567 2395 sq.,
603 2355 706 2395 quae
737 2342 938 2383 nutricem
970 2343 1082 2383 casto
1127 2343 1265 2383 iuveni
1296 2343 1605 2395 persuadentem
1647 2343 1838 2393 ostendit,

312 2409 358 2449 ut
386 2421 585 2451 annorum
629 2421 784 2451 mernor
829 2410 1007 2450 mentem
1052 2410 1238 2450 relaxans
1270 2410 1431 2451 tristem
1463 2411 1675 2452 iuventam
1706 2410 1840 2452 solvat

312 2488 412 2517 neve
442 2476 564 2517 viduo
594 2478 684 2518 toro
721 2477 865 2527 iaceat,
906 2477 1040 2518 totam
1084 2490 1129 2518 ex
1168 2477 1343 2519 Senecae
1374 2477 1538 2520 officina
1570 2478 1762 2531 prodisse,
1795 2478 1841 2518 ut

453 2656 465 2675 ¹
492 2655 531 2689 O.
559 2656 657 2690 Jahn
683 2656 792 2691 Arch.
820 2656 933 2691 Beitr.
970 2668 1005 2701 p.
1031 2658 1099 2691 322
1133 2656 1274 2690 frustra
1307 2657 1453 2692 laborat
1484 2657 1521 2691 in
1557 2655 1839 2690 difficultatibus

312 2713 555 2747 removendis.

448 2772 461 2791 2
495 2771 590 2805 Num
616 2772 819 2816 sculptores
848 2785 912 2807 suo
936 2774 1057 2808 Marte
1084 2774 1259 2818 diptycha
1285 2773 1512 2817 affinxerint,
1539 2774 1639 2807 cuius
1666 2773 1838 2807 licentiae

315 2829 451 2864 similia
476 2830 643 2874 exempla
669 2831 772 2866 facili
807 2832 956 2877 negotio
982 2833 1140 2877 proponi
1168 2834 1321 2877 possint,
1353 2845 1427 2867 non
1453 2833 1559 2866 huius
1593 2833 1665 2867 loci
1686 2835 1755 2879 ,est
1781 2844 1840 2866 ex-

315 2889 486 2934 pendere.
