1912 3310
0 2153 13 2185 ν’
0 2000 12 2144 *ww-fias

874 204 926 249 75¹

127 328 345 371 procorum
372 317 490 370 copia
521 319 653 371 urget,
688 318 982 372 interroganti:
1016 319 1176 372 qualem
1200 319 1331 361 virum
1356 320 1502 362 habere
1524 320 1648 374 optet,

127 383 361 438 respondet:
400 382 601 426 ‘similem
631 385 725 427 tibi‘
760 398 916 438 semper
943 387 1130 427 occursat
1161 387 1296 428 animo
1329 386 1469 428 Cressa
1502 387 1649 427 mulier

127 463 173 492 ex
199 450 369 492 adverso
400 451 530 492 amati
560 451 719 494 iuvenis
752 453 866 494 stans
906 454 946 494 et
981 465 1174 506 perquam
1213 453 1363 494 similia
1399 453 1649 495 deverticula

126 516 396 570 flexionesque
427 530 635 570 quae1·eliS‚
681 531 771 560 cum
803 519 862 560 ita
891 519 1200 573 tergiversatur,
1240 520 1286 560 ut
1323 520 1648 572 obstupefactum

125 583 363 637 privignum
409 585 571 625 revocet
613 584 665 626 ad
701 585 845 626 Thesei
887 586 1025 626 vultus
1064 586 1215 638 priores
1253 586 1292 626 et
1327 586 1411 626 eius
1450 586 1646 638 tanquam

126 649 303 691 similem
347 650 534 703 speciem,
583 651 625 691 in
667 663 791 704 quam
834 651 1067 692 exardescat
1113 652 1223 705 (Seu.
1267 664 1303 692 v.
1342 652 1423 692 646
1462 651 1550 704 sq).
1598 674 1646 679 --

126 716 244 758 Unus
282 717 414 758 restat
458 717 583 768 locus,
631 717 747 758 cuius
792 717 995 770 exemplar
1026 718 1240 771 indaganti
1274 718 1374 759 mihi
1405 731 1484 759 non
1514 719 1649 759 minus

125 783 263 824 forsan
300 783 577 836 applaudatis.
638 784 746 825 Nam
782 783 948 837 Myrrha
987 784 1118 826 multa
1156 785 1279 826 verba
1316 784 1514 837 impendit
1553 785 1649 825 sim-

125 850 270 903 plicem
320 851 493 892 naturae
541 851 716 904 statum,
768 863 847 904 quo
899 851 1095 892 animalia
1138 852 1250 892 nullo
1296 852 1447 893 dilectu
1491 853 1648 905 coeant,

124 930 222 971 prae
263 918 444 959 humana
487 918 683 960 societate
728 918 986 960 fortunatum
1032 918 1169 959 dicens
1217 931 1251 960 v,
1289 920 1369 960 323
1408 932 1465 972 sq.
1538 919 1648 971 Qua-

124 985 228 1026 lium
273 985 568 1038 exemplorum,
623 986 666 1026 in
717 985 865 1038 quibus
913 985 1155 1027 animalium
1202 985 1289 1027 vita
1333 998 1424 1027 cum
1469 987 1648 1028 humana

123 1051 167 1093 in
204 1052 509 1105 comparatione
546 1052 836 1106 coniungatur,
880 1052 1176 1093 Alexandrinos
1219 1053 1357 1105 poetas
1400 1052 1463 1094 vel
1509 1065 1647 1094 eorum

124 1119 299 1161 asseclas
329 1119 537 1161 Romanos
576 1119 735 1161 affatim
778 1119 1037 1172 suppeditare
1079 1120 1220 1160 notum
1261 1119 1320 1160 est
1336 1120 1360 1161 ¹.
1435 1118 1511 1160 Sed
1556 1132 1647 1160 cum

124 1185 242 1239 virgo
283 1186 485 1228 humanas
531 1186 741 1240 malignae
787 1199 906 1228 curae
942 1186 1051 1239 leges
1088 1199 1180 1227 cum
1224 1185 1431 1238 gravitate
1469 1185 1644 1238 quadam

124 1252 332 1306 vituperat
369 1266 406 1294 v.
436 1253 516 1294 329
544 1266 618 1307 sq„
662 1254 735 1295 aut
782 1253 904 1294 fallor
947 1254 1020 1294 aut
1064 1253 1130 1293 hic
1173 1253 1285 1293 locus
1329 1251 1453 1293 altius
1500 1251 1644 1294 deduci

124 1320 258 1373 potest
295 1320 347 1362 ad
382 1321 517 1374 ipsum
561 1321 719 1363 scilicet
747 1319 996 1373 Euripidem,
1043 1320 1156 1361 cuius
1186 1319 1413 1361 Phaedram
1447 1320 1567 1360 antea
1598 1319 1646 1361 de

124 1386 298 1441 Byblide
327 1400 468 1429 senum
500 1388 574 1430 illa
610 1388 701 1430 iura
733 1388 923 1442 legesque
957 1388 1197 1440 aspernante
1230 1387 1445 1440 disputans
1489 1387 1542 1439 (p.
1573 1386 1644 1439 63)

123 1453 293 1496 laudavi
307 1456 336 1497 2.
393 1455 540 1497 Premo
573 1456 682 1498 enim
718 1468 914 1509 perquam
958 1455 1133 1496 similem
1169 1455 1211 1495 in
1242 1454 1493 1495 Philemonis
1532 1453 1646 1507 frag-

122 1523 261 1564 mento
301 1523 354 1564 90
397 1522 840 1577 argumentationem³‚
893 1522 1007 1563 cuius
1053 1523 1255 1563 extremus
1301 1521 1464 1574 quidem
1507 1534 1646 1563 versus

122 1588 253 1632 vincit
282 1589 450 1632 minime
481 1590 529 1631 de
560 1590 715 1631 incesto
755 1589 1006 1631 defendendo
1036 1589 1122 1643 agi;
1156 1589 1223 1630 sed
1255 1588 1549 1630 sententiarum
1582 1588 1644 1629 lu-

121 1657 236 1699 mina
260 1669 342 1699 non
371 1656 481 1699 infra
502 1657 768 1710 Euripideum
787 1657 1031 1699 cothurnum
1065 1658 1171 1707 sunt,
1204 1656 1318 1697 cuius
1351 1655 1645 1697 admiratorem

259 1820 269 1839 ¹
297 1820 471 1856 Conferas
498 1833 552 1855 ex.
579 1833 635 1867 gr.
664 1820 771 1855 Ovid.
798 1822 881 1855 Art.
900 1822 982 1855 Am.
1011 1821 1038 1865 I,
1067 1821 1145 1854 279.
1183 1820 1322 1865 Lydiae
1340 1831 1372 1853 v.
1391 1820 1437 1853 28
1455 1831 1506 1863 sq.
1536 1818 1642 1864 Verg.

121 1881 214 1915 Aen.
240 1879 302 1924 IV,
329 1881 409 1915 551.
436 1880 607 1925 Propert.
634 1880 700 1923 III,
729 1880 782 1914 15.
810 1881 855 1913 27
884 1880 926 1914 Η.

256 1939 270 1960 ²
295 1938 461 1973 Similem
501 1951 628 1974 senum
666 1939 863 1984 legumque
903 1939 1182 1984 despicientiam
1220 1937 1403 1983 significat
1429 1935 1642 1980 Propertius

121 1997 187 2039 ΙΙΙ,
213 1998 269 2032 30.
298 1999 340 2032 13
367 2010 420 2043 sq.
446 1998 503 2042 H.‚
544 1998 697 2033 idoneus
725 2002 854 2033 auctor
880 1998 949 2033 hoc
975 2001 1232 2032 ornamentum
1261 2009 1281 2031 a
1307 1996 1450 2041 tragica
1475 1994 1643 2029 Phaedra

121 2056 273 2092 ductum
299 2059 430 2101 postea
455 2058 553 2102 apud
578 2057 851 2092 Alexandrinos
877 2058 1035 2092 eroticos
1061 2057 1337 2101 frequentatum
1365 2067 1450 2090 esse.
1476 2074 1518 2078 -
1548 2054 1642 2088 Cave

121 2119 244 2151 autem
272 2128 319 2151 ne
344 2117 426 2151 ideo
453 2117 497 2151 de
523 2116 649 2151 Ovidii
676 2116 878 2161 exemplari
906 2116 1049 2151 desinas
1077 2127 1261 2160 quaerere.

254 2175 268 2197 ³
294 2175 380 2222 Frg.
406 2176 478 2210 inc.
506 2175 602 2211 VIII.
631 2175 680 2210 M.
708 2175 769 2219 IV,
795 2177 861 2210 36:

381 2228 420 2270 {Q
443 2230 688 2280 τρισμακάρια
716 2231 833 2270 πάντα
859 2237 918 2267 καὶ
944 2230 1122 2279 τριςόλβια

382 2291 425 2327 τὰ
452 2293 563 2339 θηρί’,
590 2290 642 2331 οἷς
667 2291 731 2327 οὐκ
757 2294 830 2327 ἔστι
860 2295 942 2337 περὶ
967 2289 1102 2326 τούτω]Ι
1127 2288 1248 2336 λόγος·

384 2346 457 2385 οὔτ’
483 2353 532 2390 εἰς
560 2352 713 2397 ἔλεγχον
739 2349 848 2385 οὐδὲν
873 2348 991 2385 αὐτῶν
1018 2352 1168 2396 ἔρχεται,

383 2406 454 2444 οὔτ’
480 2405 566 2444 ι’ἱλλο
591 2410 720 2444 τοιοῦτ’
746 2407 855 2444 οὐδέν
880 2409 954 2444 ἐστ’
981 2406 1099 2447 αὐτοῖς
1125 2403 1237 2442 κακόν

383 2465 554 2513 ἐπακτόν,
579 2466 623 2512 ἢν
650 2469 683 2502 δ’
710 2465 756 2504 ἂν
780 2471 1015 2514 εἰςενέγκηται
1044 2464 1157 2514 φύσιν

383 2526 549 2568 ἕκαστον,
580 2524 688 2565 εὐθὺς
714 2530 773 2561 καὶ
800 2523 917 2572 νόμον
942 2523 1070 2568 ταύτην
1095 2526 1181 2570 ἔχει.

382 2583 486 2630 ἡμεῖς
512 2585 544 2619 δ’
575 2583 731 2629 ἀβίωτον
756 2586 875 2631 ζῶμεν
900 2580 1087 2629 ἅνθρωποι
1116 2586 1212 2626 βίον

382 2641 602 2690 δουλεύομεν
628 2641 800 2687 δόξωσιν,
830 2641 992 2688 εὑρόντες
1017 2639 1150 2687 νόμους

383 2699 632 2748 προγόνοισιν,
659 2700 876 2747 ἐγγόιόισιν.
910 2700 974 2736 οὐκ
1000 2703 1072 2736 ἔστ’
1102 2699 1300 2746 ἀποτυχεῖν

381 2761 507 2804 κακοῦ,
533 2758 725 2808 πρόφασιν
751 2762 783 2794 (5⁷
810 2759 868 2794 ἀεί
890 2761 954 2795 τιν’
981 2761 1243 2805 ἒξευρι’σκομει’.

120 2819 299 2855 Stobaeus
323 2819 423 2855 Flor.
452 2821 507 2854 98.
537 2823 589 2855 14.
621 2839 659 2844 —-
688 2820 729 2854 V.
757 2822 776 2854 3
805 2820 891 2854 libri
916 2816 1033 2853 αὐτῶν
1058 2817 1176 2853 οὐδέν.
1215 2818 1457 2863 Transposuit
1478 2817 1638 2852 Grotius.

119 2879 164 2914 V.
188 2879 210 2913 9
235 2878 406 2914 Meineke
433 2879 575 2914 mavult
603 2875 821 2924 ἐκγόνοισιν.
