1912 3310
1030 176 1074 209 14

284 286 374 327 tota
418 287 518 328 haec
565 288 859 330 commentatio
898 291 1084 332 servatae
1128 291 1293 332 fabulae
1338 292 1456 344 quasi
1496 292 1626 334 solido
1668 292 1815 334 funda-

285 354 436 407 mento,
486 354 538 395 ad
583 355 691 407 quod
732 368 889 409 semper
928 357 1122 409 respiciat
1155 381 1201 385 —
1235 370 1396 399 necesse
1426 360 1486 400 est
1516 360 1690 413 tangam
1723 361 1815 401 sub-

285 419 495 461 difficilem
526 421 610 462 eius
641 434 810 463 scaenae
840 423 1234 475 interpretationem,
1267 425 1309 465 in
1342 438 1422 478 qua
1452 425 1639 467 Phaedra
1671 428 1711 467 et
1738 439 1816 468 nu-

283 486 364 527 trix
408 487 514 529 inter
563 501 605 529 se
653 489 926 543 altercantur,
972 492 1195 543 antequam
1245 491 1343 532 haec
1387 492 1661 546 Hippolytum
1711 493 1811 534 adit.

283 554 417 605 Viam,
458 568 538 608 qua
578 556 921 608 progrediendum
960 558 1031 608 est,
1080 558 1356 599 Wilamowitz
1393 559 1603 613 ingeniose
1633 560 1814 601 munivit

282 622 423 672 (Anal.
456 622 551 662 Eur.
584 635 619 674 p.
653 623 734 663 209
765 622 867 676 sq.):
906 624 1061 665 Parum
1099 626 1335 667 satisfacere
1367 627 1576 679 volgare-m
1615 627 1812 680 interpre—

280 689 500 730 tationem:
543 690 747 731 insontem
789 703 873 732 esse
913 691 1156 744 Phaedram,
1199 693 1413 734 convenire
1449 695 1484 735 ei
1516 706 1609 735 cum
1640 694 1812 745 nutrice,

281 756 327 795 ut
358 755 655 798 medicamento
686 770 865 799 amorem
898 760 1058 811 pectore
1087 772 1159 800 suo
1193 760 1380 812 expellat,
1423 760 1553 814 decipi
1584 775 1607 803 a
1639 761 1811 810 nutrice,

280 823 433 875 perire3
477 823 603 864 immo
634 824 916 877 περιπέτειαν
951 826 1157 879 quandam
1200 826 1242 867 in
1276 827 1488 869 Phaedrae
1517 829 1698 870 moribus
1738 841 1811 881 ap-

279 891 555 944 propinquare
587 892 751 944 poetam
782 893 882 933 satis
914 894 1052 946 aperte
1080 893 1273 944 indicare,
1305 894 1376 946 qui
1397 896 1604 947 praeterea
1626 895 1811 937 divinam

278 956 394 998 illam
430 970 639 1009 scaenam,
691 972 771 1012 qua
802 959 990 1001 Phaedra
1021 973 1158 1001 amore
1189 960 1327 1002 saucia
1359 973 1504 1003 nomen
1537 962 1639 1012 eius,
1689 976 1810 1016 quern

279 1024 450 1077 deperit,
497 1025 664 1076 fatetur,
710 1026 753 1066 in
784 1026 1001 1080 Hippolyti
1046 1027 1229 1068 fabulam
1269 1040 1348 1068 non
1380 1028 1623 1079 admisisset,
1655 1029 1734 1070 nisi
1764 1030 1812 1070 ut

278 1094 533 1144 proponeret,
580 1094 782 1146 quomodo
828 1095 975 1135 mulier
1021 1097 1164 1136 contra
1206 1096 1356 1137 amoris
1394 1096 1632 1138 violentiam
1662 1109 1808 1149 parum

278 1159 397 1200 fortis
428 1160 719 1213 pedetemptim
756 1163 796 1203 et
834 1162 952 1215 quasi
991 1175 1059 1215 per
1089 1162 1242 1216 gradus
1274 1163 1324 1204 ad
1358 1164 1473 1204 atrox
1504 1164 1664 1204 facinus
1697 1163 1811 1205 dela-

278 1226 451 1267 beretur.
488 1251 532 1254 —
568 1227 792 1279 Hactenus,
825 1229 893 1282 qui
926 1241 1006 1269 non
1039 1231 1121 1270 stat
1154 1242 1176 1270 a
1210 1229 1287 1270 viri
1319 1230 1473 1283 egregii
1495 1231 1692 1283 partibus,
1724 1230 1810 1272 eius

276 1293 477 1335 iudicium
508 1295 550 1335 in
582 1306 741 1337 summo
775 1298 917 1349 poetae
952 1297 1103 1349 tragici
1134 1297 1310 1338 artificio
1341 1297 1647 1350 interpretando
1670 1310 1811 1339 occae-

278 1362 417 1402 catum
448 1364 519 1403 est.
576 1364 775 1405 Attamen
807 1364 876 1405 ille
906 1364 945 1405 in
978 1364 1152 1417 singulis
1184 1364 1356 1405 ulterius
1387 1377 1624 1417 progressus
1655 1366 1808 1406 metam

279 1441 360 1470 non
403 1430 562 1483 attigit.
637 1431 849 1472 Audacem
892 1433 1102 1485 praeterea
1149 1431 1348 1472 medelam
1383 1445 1575 1473 versuum
1621 1432 1712 1473 sede
1743 1432 1809 1474 hic

275 1496 363 1537 illic
405 1497 606 1539 mutanda
653 1498 843 1540 adhibuit
881 1512 950 1552 per
981 1512 1021 1540 se
1052 1512 1197 1552 parum
1226 1500 1310 1540 veri
1340 1499 1529 1550 similem,
1563 1512 1654 1540 cum
1686 1499 1808 1540 huius

276 1575 444 1604 scaenae
465 1565 649 1606 turbatio
682 1567 776 1607 ante
805 1567 936 1620 legem
969 1567 1224 1620 Lycurgeam
1259 1580 1304 1608 ex
1334 1567 1460 1619 ipsius
1491 1566 1695 1607 sententia
1717 1567 1808 1608 orta

275 1629 545 1672 histrionibus
576 1631 832 1674 obtrudenda
864 1635 979 1682 esset,
1032 1634 1102 1687 qui
1141 1636 1214 1675 aut
1252 1646 1462 1686 nunquam
1498 1635 1570 1674 aut
1599 1633 1808 1674 rarissime

275 1709 467 1738 versuum
498 1698 679 1740 ordinem
709 1701 870 1741 mutare
900 1700 1099 1749 solebant,
1134 1701 1180 1740 ut-
1212 1700 1400 1741 Wheeler
1432 1699 1475 1750 (l.
1506 1700 1533 1740 1.
1566 1712 1601 1752 p.
1633 1701 1703 1749 55)
1735 1699 1808 1742 ob-

275 1765 468 1807 servavit.
514 1766 629 1818 Nego
654 1767 799 1808 deinde
830 1768 936 1810 hanc
967 1767 1154 1809 medendi
1184 1769 1386 1809 rationem
1411 1767 1680 1809 necessariam
1700 1780 1806 1815 esse;

276 1833 469 1886 quocirca
511 1833 552 1874 in
601 1834 767 1888 singula
800 1835 920 1876 huius
953 1835 1118 1876 fabulae
1148 1836 1278 1888 partis
1309 1835 1426 1888 quasi
1459 1835 1708 1876 lineamenta
1745 1834 1807 1875 in-

275 1900 435 1954 quirere
465 1914 564 1954 opus
596 1903 667 1943 est.
705 1927 748 1930 -
787 1902 938 1943 Nutrix
970 1915 1060 1943 erae
1092 1903 1363 1955 cogitationes
1396 1916 1419 1943 a
1445 1904 1575 1943 morte
1602 1902 1652 1943 ad
1674 1902 1804 1943 vitam

273 1980 464 2010 revocare
500 1969 539 2010 et
578 1969 835 2011 honestatem
876 1970 928 2011 ad
964 1970 1094 2011 scelus
1134 1970 1338 2011 declinare
1374 1969 1512 2011 studet
1546 1982 1579 2010 v.
1610 1970 1690 2010 433
1724 1982 1804 2022 sq.;

274 2036 504 2077 rationibus
525 2049 667 2089 nempe
691 2036 853 2087 fucatis,
885 2050 989 2090 quae
1019 2037 1231 2078 vilioribus
1263 2036 1423 2078 naturis
1455 2049 1613 2090 semper
1642 2038 1804 2090 praesto

274 2104 387 2152 sunt,
426 2104 546 2155 urget
576 2103 798 2146 dominam.
858 2105 966 2146 Nam
1006 2105 1040 2146 si
1082 2105 1173 2157 quis
1207 2104 1337 2146 amori
1368 2101 1596 2157 indulgeat,
1635 2104 1734 2157 quid
1760 2104 1804 2145 iu

275 2181 319 2210 eo
351 2170 670 2223 vituperandum
701 2173 815 2212 esse?
884 2172 1055 2213 Frustra
1094 2172 1270 2225 pugnari
1303 2173 1444 2213 contra
1477 2172 1641 2212 Amoris
1673 2171 1804 2213 omni-

274 2237 453 2289 potentis
472 2237 569 2291 vim,
600 2238 666 2279 cui
697 2238 761 2279 dei
793 2238 870 2291 ipsi
902 2239 1060 2280 cedant.
1122 2238 1277 2290 Quibus
1300 2239 1530 2281 rationibus
1553 2252 1644 2280 cum
1667 2239 1802 2281 Phae-

274 2302 371 2344 drae
413 2304 545 2345 virtus
592 2317 672 2346 non
715 2305 952 2347 debilitetur
997 2331 1051 2335 —
1096 2308 1328 2359 perseverat
1365 2306 1469 2348 enim
1508 2306 1551 2347 in
1582 2306 1801 2359 impudicis

275 2371 456 2413 consiliis
499 2372 712 2414 reiciendis
751 2387 786 2414 v.
815 2375 897 2415 486
927 2387 986 2427 sq.
1036 2398 1086 2402 —
1133 2375 1216 2415 iam
1252 2374 1378 2415 sentit
1418 2374 1557 2415 nutrix
1588 2387 1687 2428 opus
1718 2386 1803 2415 esse

273 2438 510 2480 distinctius
540 2440 666 2493 loqui.
725 2441 881 2483 Parata
912 2444 973 2483 est
1000 2442 1131 2495 igitur
1162 2443 1273 2483 recta
1304 2442 1371 2483 via
1404 2442 1455 2483 ad
1486 2442 1674 2483 iuvenem
1705 2454 1802 2482 con-

273 2506 439 2548 tendere
467 2507 584 2560 eique
605 2507 814 2550 Phaedrae
843 2521 1023 2550 amorem
1056 2509 1284 2561 patefacere
1316 2522 1353 2550 V.
1383 2509 1464 2550 490
1499 2522 1557 2562 sq.
1623 2509 1802 2550 Domina

271 2573 334 2615 ira
364 2574 589 2615 effervescit
619 2588 656 2616 v.
688 2576 769 2617 498
800 2588 878 2629 sq.,
930 2577 1068 2617 nutrix
1100 2577 1231 2618 denuo
1262 2577 1393 2618 instat
1422 2590 1459 2618 v.
1491 2578 1572 2618 500
1601 2588 1678 2629 sq„
1711 2578 1801 2616 tum

273 2653 367 2682 vero
398 2641 586 2683 Phaedra
625 2641 705 2684 ‘ab
750 2643 834 2684 irae
877 2644 1081 2685 caloribus
1127 2644 1178 2685 ad
1224 2644 1377 2685 flebiles
1408 2656 1544 2697 preces
1579 2643 1797 2693 delabitur,

274 2708 460 2750 concedit
500 2709 605 2751 bona
643 2722 726 2752 esse
760 2711 934 2753 nutricis
964 2711 1135 2753 consilia
1166 2712 1235 2753 sed
1264 2711 1414 2764 turpia.
1476 2711 1630 2752 Tamen
1661 2711 1696 2751 si
1726 2710 1799 2752 illa

272 2776 361 2819 tam
391 2777 490 2818 bene
515 2776 729 2818 defendere
759 2780 904 2830 pergat
932 2779 1082 2831 turpia,
1115 2779 1248 2820 facere
1276 2791 1317 2819 se
1351 2790 1432 2819 non
1462 2790 1578 2830 posse
1608 2779 1705 2831 quin
1729 2778 1799 2827 eis,

273 2855 377 2898 qnae
408 2855 516 2884 nunc
546 2843 693 2897 fugiat,
729 2857 770 2886 se
800 2845 946 2897 perimi
977 2838 1193 2899 patiatur'.
1254 2845 1321 2887 Sic
1352 2858 1445 2886 cum
1478 2844 1798 2887 Wilamowitzio
