1912 3310
1021 198 1088 232 110

288 312 542 353 Historiolae
589 313 811 364 exordium,
859 313 1061 366 quomodo
1098 313 1245 354 mulier
1283 313 1414 365 primo
1445 312 1637 354 resistens
1668 313 1816 354 sensim

289 379 661 433 pedetemptimque
690 380 853 422 libidini
887 393 1032 421 manus
1063 380 1142 430 det,
1183 379 1282 421 adeo
1315 379 1494 420 concinit
1525 392 1616 420 cum
1650 379 1817 433 reliquis

288 444 439 487 fabulis
478 447 821 496 commemoratis,
855 448 902 487 nt
932 446 1120 499 suspicio,
1155 458 1276 498 quam
1311 458 1401 486 mox
1434 445 1516 487 alia
1547 447 1706 487 ratione
1737 446 1819 486 ful-

291 513 409 563 ciam,
452 513 561 554 ultro
600 526 640 554 se
671 514 816 554 offerat
855 515 940 554 tam
976 513 1082 553 hanc
1110 511 1293 553 fabulam
1329 524 1348 552 e
1381 512 1547 553 Graecis
1579 513 1820 564 exemplari-

279 580 362 621 bus
400 580 609 621 sublatam
652 593 736 621 esse
786 592 910 632 quam
957 579 1136 632 reliquas
1166 578 1206 619 id
1239 591 1367 631 genus
1400 579 1655 620 narrationes
1690 579 1821 620 Meta-

288 647 558 699 morphoseon
589 646 704 687 libris
732 646 958 696 admixtas,
989 658 1108 698 quem
1140 645 1190 686 ad
1224 645 1388 686 modum
1423 646 1565 686 auctor
1595 646 1680 698 ipse
1711 646 1821 698 operi

287 713 520 766 praefatur:
549 711 559 726 ‘
577 714 621 754 at
651 725 725 766 ego
756 713 831 754 tibi
865 725 1050 754 sermone
1080 712 1158 753 isto
1192 712 1352 753 Milesio
1374 713 1510 754 varias
1542 712 1701 754 fabulas
1724 725 1820 753 con-

289 781 478 822 seram'1.
524 803 577 807 -
625 780 750 821 Porro
791 780 976 832 sequitur
1006 780 1057 831 (c.
1090 779 1190 830 Hljz
1232 775 1364 832 ‘Ergo
1398 779 1528 831 igitur
1558 779 1820 833 impatientia

288 847 436 888 furoris
467 847 593 888 altius
624 847 786 899 agitata
810 846 1017 887 diutinum
1044 846 1155 898 rupit
1181 846 1393 886 silentium
1411 847 1426 870 2
1457 847 1497 887 et
1527 846 1579 887 ad
1609 859 1650 887 se
1681 846 1819 887 vocari

288 914 486 966 praecipit
517 914 659 955 filium.
720 914 837 966 Quod
870 926 1015 955 nomen
1048 914 1089 954 in
1121 925 1179 966 eo,
1211 912 1244 953 si
1276 914 1448 965 posset&
1479 926 1527 954 ne
1558 914 1716 954 ruboris
1747 913 1821 955 ad-

288 982 535 1031 moneretur,
584 981 760 1022 libenter
792 980 987 1022 eraderet.
1050 981 1135 1021 Nec
1177 980 1414 1021 adulescens
1453 992 1601 1033 aegrae
1639 980 1820 1032 parentis

288 1048 473 1089 moratus
512 1048 743 1101 imperium,
783 1048 901 1089 senili
939 1048 1111 1089 tristitie
1142 1047 1332 1089 striatam
1367 1059 1511 1100 gerens
1541 1047 1716 1088 frontem
1750 1059 1821 1088 cu-

287 1115 472 1157 biculum
516 1116 619 1168 petit
657 1116 792 1157 uxoris
836 1116 965 1168 patris
997 1115 1222 1168 matrisque
1254 1115 1408 1163 fratriS,
1453 1115 1676 1166 utcumque
1707 1113 1820 1155 debi-

288 1184 375 1224 tum
409 1183 555 1224 sistens
589 1177 862 1236 obsequium'.
923 1183 980 1223 Ex
1026 1182 1174 1223 tetrico
1217 1182 1375 1224 iuvenis
1420 1181 1539 1223 vultu
1570 1181 1820 1234 Hippolytus

289 1251 455 1303 eiusque
499 1250 660 1291 animus
698 1250 832 1291 tristis
870 1251 910 1291 et
949 1250 1229 1291 intractabilis
1261 1249 1371 1302 (Seu.
1403 1250 1501 1296 271)
1533 1249 1726 1290 continuo
1758 1261 1822 1289 re-

290 1317 564 1370 cognoscitur.
624 1317 763 1370 Atque
794 1319 840 1358 ut
876 1330 1050 1358 noverca
1083 1317 1149 1358 hic
1180 1317 1266 1366 filii,
1300 1317 1358 1358 sic
1391 1315 1578 1357 Phaedra
1610 1315 1717 1368 apud
1748 1314 1820 1357 Se-

291 1397 431 1425 necam
463 1396 498 1424 v.
535 1384 615 1424 609
661 1385 805 1425 matris
851 1385 1069 1437 superbum
1113 1396 1259 1425 nomen
1303 1383 1476 1424 libenter
1515 1383 1679 1435 deleret,
1723 1382 1820 1435 quia

290 1452 522 1492 maternum
554 1450 717 1491 libidini
749 1452 898 1493 obstat.
958 1451 1068 1492 Dum
1098 1464 1192 1493 vero
1234 1451 1344 1492 istud
1383 1446 1644 1491 ‘cubiculum
1684 1450 1820 1491 uxoris

291 1519 419 1571 patris
449 1517 675 1571 matrisque
696 1512 858 1560 fratris'
879 1519 1054 1570 intueor,
1087 1519 1289 1559 nutricem
1313 1518 1433 1559 audio
1453 1517 1687 1559 Phaedram
1709 1529 1820 1558 com-

291 1585 512 1638 pellantem
545 1585 636 1627 Sen.
672 1586 745 1626 171
778 1598 837 1638 sq.
870 1586 939 1632 (cf.
973 1597 1097 1638 supra
1129 1599 1165 1638 p.
1202 1586 1289 1636 74):

556 1652 724 1693 miscere
755 1652 960 1694 thalamos
991 1652 1120 1705 patris
1153 1653 1192 1693 et
1223 1652 1310 1694 nati
1341 1665 1516 1705 apparas

558 1720 753 1772 uteroque
786 1720 937 1772 prolem
971 1731 1112 1772 capere
1142 1720 1352 1760 confusam
1383 1719 1537 1772 impio?

424 1787 513 1828 Iam
546 1787 667 1827 velim
700 1799 758 1836 ea,
792 1799 895 1839 quae
925 1788 1165 1840 sequnntur,
1196 1788 1428 1840 perattente
1457 1788 1590 1841 legas:
1618 1787 1720 1830 ‘Sed
1748 1787 1821 1829 illa

293 1854 505 1896 cruciabili
544 1854 708 1894 silentio
751 1853 981 1895 diutissime
1021 1853 1200 1907 fatigata
1241 1855 1281 1895 et
1323 1856 1369 1895 ut
1414 1855 1453 1896 in
1497 1855 1676 1908 quodam
1717 1855 1821 1896 vado

292 1920 565 1962 dubitationis
608 1921 777 1962 haerens
829 1933 946 1962 omne
990 1922 1180 1973 verbum,
1235 1921 1343 1974 quod
1388 1922 1592 1974 praesenti
1645 1922 1821 1963 sermoni

293 1988 467 2041 putabat
506 1987 779 2041 aptissimum,
826 2001 988 2030 rursum
1034 1988 1282 2040 improbans,
1330 1989 1503 2030 nutante
1545 1989 1670 2030 etiam
1714 2002 1822 2031 nunc

293 2055 457 2108 pudore,
505 2055 611 2096 unde
654 2054 914 2107 potissimum
960 2056 1122 2108 caperet
1168 2055 1375 2097 exordium
1425 2055 1706 2098 decunctatur.
1767 2056 1823 2097 At

292 2122 451 2162 iuvenis
496 2121 595 2162 nihil
643 2122 768 2163 etiam
812 2123 911 2162 tunc
955 2122 1118 2175 sequius
1163 2123 1394 2175 suspicatus
1436 2123 1653 2164 summisso
1704 2123 1823 2164 vultu

293 2190 415 2242 rogat
456 2189 565 2229 ultro
604 2189 827 2241 praesentis
867 2201 1010 2230 causas
1047 2189 1331 2242 aegritudinis.
1392 2189 1508 2230 Tunc
1555 2190 1627 2231 illa
1671 2191 1822 2232 nancta

293 2256 529 2297 solitudinis
572 2256 814 2297 damnosam
862 2257 1115 2297 occasionem
1158 2256 1388 2309 prorumpit
1432 2257 1473 2297 in
1520 2257 1736 2299 audaciam
1783 2257 1823 2298 et

429 2403 439 2421 ¹
467 2401 520 2436 Cf.
548 2401 678 2436 Rohde
705 2401 904 2436 Verhandl.
931 2401 965 2436 d.
994 2401 1108 2435 XXX.
1136 2401 1236 2435 Vers.
1266 2401 1300 2435 d.
1328 2401 1511 2448 Philolog.
1540 2414 1575 2446 p.
1602 2403 1658 2436 61.

428 2461 442 2480 2
467 2460 613 2495 Nutrici
639 2460 857 2504 famulaeve,
884 2472 1009 2496 coram
1030 2472 1102 2504 qua
1119 2461 1253 2494 mulier
1277 2461 1464 2495 silentium
1491 2473 1662 2506 rumpere
1687 2464 1823 2506 posset,

296 2521 402 2562 aptus
428 2517 490 2552 1110
515 2519 615 2553 locus
642 2519 733 2563 fuit3
761 2519 886 2562 quales
912 2522 1036 2563 partes
1063 2530 1103 2553 re
1129 2531 1218 2553 vera
1236 2519 1274 2552 in
1291 2519 1478 2563 plerisque
1498 2520 1681 2554 similibus
1702 2532 1822 2555 exem-

294 2577 365 2622 plis
391 2580 555 2612 servatas
583 2578 754 2612 vidimus.

428 2636 441 2656 3
471 2637 531 2671 Sic
566 2648 648 2671 cum
675 2637 821 2671 Rohdio
861 2636 946 2681 (Rh.
973 2636 1065 2671 Mus.
1093 2636 1198 2670 XXX
1224 2649 1259 2681 p.
1287 2637 1369 2680 277)
1414 2637 1668 2681 scribendum3
1712 2637 1824 2681 quod,

295 2706 507 2739 quanquam
540 2707 614 2729 11011
649 2695 741 2729 100110
776 2696 821 2729 ad
847 2707 992 2729 sensum
1018 2696 1159 2730 dictum
1186 2699 1253 2735 est,
1287 2696 1454 2730 codicum
1482 2696 1641 2730 litteras:
1680 2694 1736 2730 ‘in
1763 2707 1822 2730 eos

295 2753 375 2799 ipos
407 2751 485 2788 sed'
523 2754 616 2788 benc
648 2755 782 2788 reddit.
836 2755 1092 2798 Eyssenhardt
1123 2755 1161 2788 in
1201 2758 1345 2789 textum
1378 2755 1532 2799 recepit:
1575 2753 1636 2788 ‘in
1669 2766 1710 2789 eo
1744 2756 1822 2799 ipso

296 2809 391 2856 sed',
419 2812 517 2856 quod
546 2813 694 2847 omnino
722 2825 829 2847 sensu
858 2825 999 2848 cassum
1019 2816 1083 2848 est.
1123 2813 1363 2857 Oudendorp:
1390 2812 1449 2847 ‘in
1475 2825 1516 2848 00
1545 2814 1624 2857 ipso
1651 2811 1821 2848 scilicct‘.

296 2870 365 2905 Sed
393 2872 560 2905 voculam
587 2869 696 2915 ‘ipso'
729 2872 981 2907 lubentissime
1008 2873 1203 2916 propellcs.
