1912 3310
849 169 894 202 23

108 275 364 329 significatas
396 291 479 320 esse-
524 280 794 333 existumans3
833 295 924 323 cum
971 296 1066 325 voce
1112 282 1257 341 ἕπῳόή
1309 287 1444 339 potius
1488 288 1629 329 incan-

107 345 284 386 tationes
321 346 508 398 magicae
538 347 589 388 ad
627 349 904 390 amoliendum
948 351 1131 391 morbum
1171 355 1290 404 aptae
1334 353 1628 406 significentur,

107 413 154 454 ut
186 411 306 454 Gloel
342 412 387 462 (l.
425 412 451 453 l.
486 425 522 465 p.
561 413 630 466 55)
670 415 787 467 vidit,
833 415 1026 469 delegans
1064 418 1114 458 ad
1146 417 1263 459 Pind.
1298 420 1418 473 Pyth.
1452 420 1525 473 III,
1562 421 1625 461 51.

107 477 209 532 (91).
254 478 375 532 soph.
408 479 470 520 Ai.
505 480 596 520 582.
671 481 826 532 Quibus
865 482 964 523 locis
1003 484 1160 525 adicere
1207 485 1302 526 licet
1341 487 1434 527 Eur.
1475 487 1626 527 Phoen.

111 546 235 588 1260:
267 544 406 601 φίλτρ’
439 544 634 600 ἐπῳδῶν,
668 548 706 588 et
739 546 948 591 Plutarch.
974 551 1109 592 Amat.
1136 553 1203 593 16:
1235 551 1310 608 τήν
1341 551 1386 593 (lex
1419 550 1627 607 ἐρωτικήν

104 612 269 666 μανίαν,
303 637 350 642 —-
384 606 434 653 οὗ
468 609 630 654 Mofioo‘c
661 629 735 664 τις,
779 608 859 655 οὖν.
890 613 1033 670 {nepot}
1068 617 1326 674 θελκτήριος
1357 619 1626 673 καθίστησιν.

103 681 190 722 Iam
230 680 264 721 si
300 679 521 733 Euripidea
558 681 680 721 verba
717 681 816 722 satis
855 682 1034 724 dilucida
1080 680 1205 723 νόσον
1245 685 1542 741 κατασῑρέφου
1588 688 1626 727 et

104 743 341 802 φανήσεταί
376 761 417 787 τι
447 746 577 800 τῆσδε
606 743 836 800 φάρμακον
876 744 1004 789 νόσου
1044 750 1085 790 in
1117 751 1318 793 rationem
1349 753 1517 803 vocaris,
1551 753 1626 793 du-

103 814 216 855 bium
260 826 344 855 esse
388 814 541 867 nequit,
591 814 689 867 quin
728 816 848 867 poeta
887 816 935 856 de
977 817 1118 858 morbo
1164 817 1412 870 depellendo,
1458 832 1538 861 non
1578 820 1626 861 de

103 894 241 923 amore
276 881 326 923 ad
364 881 484 922 finem
526 881 782 934 perducendo
820 883 1026 935 cogitarit.
1087 884 1174 936 Quo
1212 885 1476 927 fundamento
1514 886 1626 927 labe-

102 947 212 989 facto
253 961 439 990 corruere
480 948 635 999 totum,
681 949 789 1002 quod
834 950 895 990 vir
941 950 1085 991 doctus
1123 951 1251 992 falsae
1296 952 1391 993 huic
1427 952 1625 1006 interpre-

101 1015 253 1056 tationi
282 1015 597 1068 transponendis
631 1016 813 1057 versibus
845 1018 1116 1069 superstruxit
1145 1018 1379 1067 artificium,
1418 1019 1459 1059 in
1489 1020 1624 1072 aprico

101 1082 184 1130 est3
223 1082 270 1123 ut
300 1083 460 1124 taceam
490 1082 538 1123 de
569 1083 752 1123 versibus
783 1084 974 1124 513-15
1007 1084 1092 1124 eius
1121 1084 1272 1125 iudicio
1305 1086 1513 1127 Phaedrae
1550 1087 1625 1126 tri-

100 1148 282 1198 buendis,
323 1149 371 1191 de
401 1162 482 1202 qua
512 1149 746 1190 coniectura
778 1151 916 1190 actum
948 1151 1021 1191 est.
1066 1174 1113 1178 —
1160 1151 1342 1204 Denique
1373 1152 1415 1192 in
1446 1153 1624 1194 medium

99 1215 304 1268 proferens
353 1217 631 1258 cOniecturam
670 1217 772 1257 mihi
821 1217 919 1257 olim
963 1218 1198 1270 probatam:
1253 1218 1391 1260 eiectis
1442 1219 1624 1261 versibus

100 1283 292 1333 509-15
323 1284 423 1326 istos
455 1285 635 1338 quinque
666 1298 805 1326 versus
827 1286 1017 1326 477—81
1056 1286 1130 1327 hoc
1161 1286 1248 1327 loco
1280 1286 1512 1327 inserendos
1543 1298 1625 1327 esse

100 1351 355 1393 antevertere
371 1352 484 1394 volui
501 1352 593 1393 aliis
612 1352 706 1393 huic
728 1353 1069 1394 transmutationi
1087 1353 1224 1394 forsan
1243 1353 1429 1394 veritatis
1451 1353 1623 1405 speciem

99 1430 179 1459 non
210 1418 556 1461 abiudicantibus.
599 1419 676 1468 Me,
712 1419 744 1460 si
778 1432 866 1460 eam
896 1419 1029 1460 adhuc
1060 1420 1286 1471 probarem,
1325 1419 1367 1460 in
1400 1420 1622 1472 peculiaria

99 1497 189 1527 mea
222 1487 467 1539 argumenta
497 1486 751 1528 saeviturum
784 1499 878 1536 esse,
918 1499 996 1527 non
1029 1487 1099 1535 est,
1151 1499 1221 1527 cur
1251 1486 1427 1539 amplius
1458 1486 1624 1528 demon-

96 1553 234 1594 strem.
309 1553 525 1607 Frigidum
571 1554 673 1594 esset
720 1553 923 1594 nutricem
968 1553 1142 1594 infacete
1188 1553 1452 1594 mentientem
1498 1554 1538 1594 et
1574 1566 1622 1594 ne

97 1619 305 1661 levissimo
336 1620 500 1673 quidem
532 1622 637 1661 nutu
674 1620 861 1662 fallacias
902 1620 1139 1673 prodentem
1178 1620 1378 1661 inducere.
1440 1620 1622 1674 Accedit,

98 1687 207 1740 quod
237 1687 424 1729 Phaedra
469 1688 673 1729 nutricem
712 1688 760 1729 de
804 1687 979 1728 remedio
1024 1687 1201 1740 quodam
1247 1688 1383 1728 futuro
1430 1700 1622 1740 suspensa

98 1755 222 1795 verba
251 1754 469 1796 facientem
515 1766 596 1795 non
638 1754 697 1795 ita
728 1754 989 1806 interpellare
1020 1755 1166 1806 potest,
1214 1754 1331 1805 quasi
1360 1754 1516 1794 certum
1549 1754 1621 1795 ali-

97 1821 205 1874 quod
235 1821 461 1863 remedium
492 1821 575 1862 iam
606 1820 658 1862 ad
695 1834 840 1862 manus
878 1821 944 1861 sit.
995 1844 1046 1848 —
1091 1821 1236 1873 Itaque
1283 1821 1415 1873 persto
1454 1821 1496 1860 in
1535 1833 1620 1861 sen-

97 1888 230 1929 tentia
252 1901 343 1929 mea
364 1888 591 1941 adscriptos
625 1901 707 1929 esse
738 1888 809 1928 hos
841 1901 979 1929 versus
1011 1900 1056 1928 ex
1077 1889 1209 1940 priore
1238 1887 1392 1934 fabula,
1424 1900 1447 1929 a
1470 1888 1620 1929 lectore

95 1954 299 2005 videlicet,
338 1954 408 2008 qui
439 1955 591 1996 nutrici
622 1954 673 1996 ad
711 1966 891 1995 amorem
923 1954 1160 1995 adhortanti
1192 1955 1411 2006 opponeret
1441 1955 1620 1996 diversos

95 2021 269 2063 nutricis
300 2034 480 2063 amorem
513 2033 764 2074 compescere
789 2021 976 2062 conantis
1007 2033 1138 2062 mores
1169 2021 1210 2061 in
1233 2021 1363 2062 altera
1381 2022 1618 2075 Hippolyto,

94 2090 142 2130 ut
181 2102 261 2131 non
299 2090 406 2131 male
448 2090 621 2131 coniecit
652 2089 853 2130 Barthold
896 2089 989 2140 (Rh.
1024 2089 1128 2129 Mus.
1164 2088 1305 2129 XXXI
1346 2100 1381 2140 p.
1415 2089 1495 2129 328
1529 2089 1618 2140 sq).

96 2180 144 2185 --
164 2156 266 2210 Iam,
296 2169 345 2198 ne
377 2157 578 2210 epilogus,
611 2157 680 2210 qui
712 2169 846 2197 meam
877 2156 1005 2197 totius
1037 2168 1208 2196 scaenae
1238 2155 1621 2207 interpretationem

96 2223 365 2278 commendet,
398 2224 662 2277 desideretur,
693 2235 805 2275 rogo,
840 2235 937 2263 num
970 2223 1068 2263 haec
1098 2222 1298 2274 exquisita
1321 2222 1620 2274 quodammodo

94 2291 214 2341 ratio,
248 2303 329 2344 qua
360 2291 587 2344 Euripides,
619 2290 843 2331 artificium
873 2289 1109 2342 excogitans
1135 2289 1251 2342 quasi
1273 2288 1620 2330 subauscultando

95 2371 119 2399 a
148 2359 298 2400 natura
330 2359 556 2411 acceptum,
603 2358 731 2399 animi
764 2357 974 2398 muliebris
1012 2356 1225 2397 affectibus
1258 2356 1368 2411 vario
1401 2356 1520 2396 modo
1552 2355 1622 2397 de-

94 2425 311 2479 pingendis
332 2426 484 2468 subtile
515 2425 679 2478 tegmen
704 2425 890 2477 quaerat,
925 2424 1008 2464 eius
1040 2422 1205 2475 ingenio
1237 2422 1371 2463 minus
1394 2422 1520 2474 digna
1554 2423 1619 2475 sit,

95 2505 218 2546 qnam
241 2493 275 2534 si
296 2493 452 2546 pingui,
485 2493 532 2532 ut
553 2491 682 2541 aiunt,
714 2491 899 2532 Minerva
930 2490 1141 2531 heroinam
1173 2489 1386 2530 manifesto
1419 2490 1459 2529 et
1480 2491 1620 2542 aperte

95 2558 146 2600 ad
176 2559 391 2600 libidinem
423 2559 586 2612 raptam
625 2559 664 2599 et
695 2557 956 2609 praecipitem
994 2556 1125 2597 latam
1162 2555 1372 2596 finxisset?
1434 2555 1496 2596 Ne
1530 2556 1620 2608 quis

93 2625 225 2679 igitur
266 2626 508 2679 respondeat
552 2637 632 2666 non
682 2624 861 2677 potuisse
907 2635 1125 2664 summam
1157 2622 1286 2663 totius
1328 2622 1565 2674 tragoediae
1596 2635 1619 2663 a

93 2693 213 2746 poeta
245 2693 437 2746 ambigue
470 2692 692 2745 expositam
738 2703 833 2732 esse.
906 2690 980 2732 Cui
1025 2690 1065 2729 in
1103 2702 1226 2730 cavea
1266 2688 1475 2730 oculorum
1515 2689 1620 2730 acies

94 2771 176 2801 non
209 2760 355 2802 obtusa
386 2760 484 2810 erat,
529 2760 564 2801 ei
596 2760 702 2800 certe
733 2771 813 2799 non
850 2758 892 2798 in
924 2756 1117 2810 ambiguo
1156 2756 1475 2809 relinquebatur,
1522 2755 1619 2808 quid

95 2827 214 2881 poeta
245 2826 387 2877 vellet3
418 2826 657 2881 praesertim
687 2838 780 2868 cum
807 2825 858 2867 ad
889 2825 1073 2866 futurum
1106 2824 1295 2866 eventum
1325 2822 1617 2865 illustrandum
