1912 3310
839 227 884 260 35

99 333 194 376 lisse
236 333 423 385 elucebit,
471 336 505 376 si
547 336 597 378 ad
629 337 732 379 alias
761 338 1016 380 imitationes
1045 353 1283 393 praeversus
1315 356 1401 392 er03
1446 346 1541 387 item
1575 346 1625 388 ad

100 399 265 453 singula
296 400 506 443 Phaedrae
535 403 744 445 Romanae
790 405 913 446 verba
964 409 1103 458 postea
1152 408 1310 450 redeam
1360 423 1516 452 necesse
1553 414 1624 453 est.

98 466 269 508 Interim
299 480 478 509 arcessas
510 482 567 519 ea,
614 483 717 522 quae
748 470 824 512 Leo
857 471 901 519 il.
930 471 957 512 1.
990 485 1028 524 p.
1066 473 1160 521 177)
1191 474 1430 527 disputavit,
1479 479 1623 530 quibus

99 533 265 586 quidem
292 546 355 575 res
386 547 466 575 non
498 536 693 581 exhausta
727 538 799 577 est.
862 538 966 578 Nam
1002 539 1109 592 quod
1140 540 1328 582 Phaedra
1367 542 1547 584 affirmat
1585 557 1625 585 se

99 599 170 641 uni
192 600 382 654 privigno
405 602 557 642 mutari
589 615 811 655 respersam
844 604 957 645 nulla
990 605 1091 654 labe,
1123 606 1336 658 intactam,
1369 609 1622 650 innocentem

99 666 210 718 (Sen.
231 681 267 709 V.
289 668 406 721 668),
438 668 480 709 id
503 681 654 723 rursus,
686 670 719 710 si
742 670 838 722 quid
863 684 1056 724 unquam,
1088 674 1250 727 egregie
1277 676 1511 717 illustratur
1528 676 1625 718 Ovi-

99 734 156 776 dii
188 736 322 777 verbis
354 736 450 776 Her.
484 736 556 784 IV,
592 737 639 776 17
671 749 753 789 sq.:

298 815 378 844 non
410 815 484 855 ego
516 803 700 855 nequitia
731 804 897 845 socialia
932 805 1093 846 foedera
1125 819 1336 859 rumpam;

365 868 491 919 fama,
521 869 646 910 velim
678 882 863 923 quaeras,
897 871 1066 912 crimine
1098 875 1236 914 nostra
1271 876 1400 915 vacat.

98 936 219 978 quta
267 935 408 978 autem
449 935 585 988 pergit
630 948 676 977 ac
712 937 744 977 si
780 950 989 990 nunquam
1021 940 1184 987 amarit,
1236 941 1430 980 maritum
1465 954 1622 994 nempe:

95 999 235 1044 ‘venit
269 1015 384 1044 amor
413 1003 594 1055 gravius,
626 1015 705 1055 quo
737 1005 878 1045 serius'
915 1017 945 1045 e.
980 1017 1016 1057 q.
1050 1017 1080 1046 s.
1119 1006 1186 1055 (cf.
1223 1019 1256 1046 v.
1289 1008 1340 1046 29
1371 1011 1460 1060 sq),
1500 1021 1621 1060 quam

99 1068 199 1110 satis
231 1068 450 1125 delicatam
481 1070 774 1122 cogitationem
812 1070 987 1112 Senecae
1017 1073 1156 1113 verba:
1185 1070 1380 1119 ⁹intacta,
1413 1075 1617 1115 innocens'

97 1136 205 1177 tecte
236 1135 485 1189 significant.
538 1159 578 1164 -
632 1136 830 1189 Denique,
874 1138 979 1190 quod
1014 1139 1179 1179 maximi
1212 1139 1397 1191 ponderis
1429 1143 1500 1193 est,
1544 1154 1622 1182 non

98 1203 384 1254 dubitandum,
429 1204 528 1256 quin
573 1204 615 1244 in
661 1217 806 1246 scaena
838 1205 1057 1257 Euripide-a
1090 1206 1276 1247 Phaedra
1317 1219 1357 1246 se
1401 1207 1622 1259 supplicem

31 1281 34 1284 ’
98 1270 322 1324 Hippolyto
362 1271 570 1312 abiecerit.
645 1271 753 1312 Nam
799 1273 872 1312 aut
918 1272 1019 1312 nihil
1063 1272 1178 1313 video
1217 1274 1289 1313 aut
1326 1273 1367 1313 in
1400 1273 1624 1315 Ovidianae

98 1337 309 1379 Phaedrae
338 1338 469 1379 verbis
507 1340 693 1379 tenemus
725 1339 905 1379 vividam
942 1339 1123 1391 aliquam
1155 1340 1391 1389 tragoediae
1433 1352 1620 1381 scaenam

98 1417 135 1447 v.
156 1405 252 1446 149:
282 1401 383 1446 ‘non
406 1417 480 1458 ego
503 1405 702 1458 dedignor
719 1406 884 1458 supplex
905 1405 1152 1458 humilisque
1174 1400 1358 1458 precari',
1394 1418 1427 1446 v.
1450 1407 1526 1447 153
1543 1420 1621 1459 sq.:

95 1467 229 1513 ‘victa
259 1484 411 1524 precor,
451 1472 705 1525 genibusque
736 1473 819 1513 tuis
850 1473 1006 1525 regalia
1038 1473 1162 1513 tendo
1195 1465 1460 1514 Bracchia'1.
1521 1473 1621 1514 Cum

98 1551 178 1592 quo
223 1538 375 1580 Seneca
421 1538 590 1579 mirifice
636 1540 826 1592 congruit
871 1552 909 1579 v.
951 1540 1031 1580 666
1069 1552 1147 1592 sq.:
1187 1535 1261 1579 ‘en
1308 1539 1471 1592 supplex
1516 1540 1621 1580 iacet

99 1606 280 1659 Adlapsa
310 1606 482 1658 genibus
527 1606 664 1659 regiae
698 1606 830 1658 proles
874 1606 1051 1647 domus'.
1112 1606 1266 1657 Quibus
1307 1606 1507 1657 adiungas
1549 1606 1621 1647 Ov.

95 1686 131 1714 v.
166 1673 262 1714 156:
303 1668 380 1713 ‘da
410 1673 571 1714 veniam
605 1672 735 1713 fassae
766 1672 948 1725 duraque
980 1672 1100 1713 corda
1133 1666 1294 1713 doma?
1325 1675 1364 1712 et
1394 1672 1485 1714 Seu.
1520 1673 1620 1713 671:

90 1735 303 1781 ‘miserere
341 1739 536 1781 amantis'
583 1763 627 1767 —-
672 1752 776 1792 quae
805 1740 989 1789 tragicae
1020 1739 1229 1780 Phaedrae
1259 1740 1496 1792 imprecatio
1527 1753 1619 1793 gra-

93 1807 300 1849 dationem
335 1819 530 1859 perquam
570 1806 776 1847 efficacem
809 1806 979 1856 exhibet,
1028 1806 1188 1858 quando
1219 1806 1291 1846 illa
1323 1809 1442 1847 antea
1474 1819 1508 1847 v.
1541 1807 1620 1846 623

94 1873 145 1916 ad
175 1873 308 1914 multo
340 1872 668 1914 verecundiorem
701 1885 855 1925 precem
890 1872 1172 1913 descenderat:
1201 1868 1409 1913 ‘miserere
1433 1872 1619 1913 viduae?

95 1939 331 1982 Admodum
362 1941 500 1981 autem
535 1939 744 1992 probabile
776 1939 1042 1992 Hippolytum
1075 1939 1116 1978 in
1148 1940 1233 1979 tam
1265 1938 1380 1979 foedo
1427 1938 1620 1990 adspectu

93 2008 286 2061 pudorem
331 2020 409 2048 non
447 2007 580 2048 verbis
612 2008 776 2048 tantum
819 2006 915 2059 (frg.
947 2007 1050 2047 439:
1097 1996 1130 2045 ὦ
1169 2005 1310 2046 πότνι’
1351 2002 1483 2054 αἰδώς
1518 2004 1622 2055 κτλ.)

93 2075 429 2117 manifestantem
461 2075 584 2126 caput
608 2074 852 2115 vestimento
885 2073 1123 2122 obvolvisse,
1171 2072 1275 2113 unde
1307 2072 1445 2112 fabula
1478 2084 1619 2112 nomen

93 2142 271 2193 invenit,
311 2143 359 2183 ut
397 2142 513 2194 Toup
561 2143 600 2182 et
632 2141 820 2183 Welcker
869 2140 1166 2181 coniecerunt2.
1226 2139 1403 2191 Repulsa
1436 2138 1620 2178 Phaedra

93 2209 240 2251 iterum
289 2208 470 2262 privigni
515 2209 687 2261 genibus
733 2207 969 2249 advolvitur
1009 2219 1045 2247 v,
1086 2207 1176 2256 703,
1224 2207 1345 2258 atque
1378 2206 1501 2245 etiam
1533 2216 1621 2244 am-

93 2275 290 2330 plectitur
327 2288 420 2316 eum
449 2275 625 2322 v.-ff705;
671 2274 780 2328 quod
822 2273 919 2327 quin
962 2272 1136 2313 maxime
1176 2272 1307 2313 visum
1339 2272 1393 2311 sit
1425 2264 1620 2323 ἀπρεπὲς

232 2423 242 2442 ¹
271 2421 331 2456 Sic
366 2421 565 2456 adducitur
603 2421 706 2465 quasi
741 2421 779 2454 in
811 2431 979 2454 scaenam
1014 2419 1131 2462 ipsam
1165 2418 1241 2451 Iole
1267 2417 1413 2460 captiva
1439 2415 1503 2450 Ov.
1532 2416 1616 2449 Her.

94 2479 159 2524 IX,
188 2480 251 2514 121
281 2479 328 2515 cf.
355 2479 438 2514 Birt
463 2480 488 2513 l.
515 2480 537 2514 l.
565 2492 599 2524 p.
628 2480 707 2513 407.

231 2538 245 2558 2
271 2537 323 2572 Cf.
339 2538 414 2572 Leo
441 2539 464 2572 l.
479 2539 502 2572 l.
517 2550 552 2582 p.
576 2539 638 2572 182
654 2538 738 2581 (27).
766 2536 938 2570 Phaedra
954 2538 1064 2579 caput
1089 2534 1228 2578 pudore
1255 2532 1419 2566 obvolvit
1433 2531 1520 2565 Eur.
1535 2530 1619 2574 Hip.

96 2598 177 2639 243,
192 2597 281 2631 item
298 2597 475 2631 Hercules
492 2597 581 2631 Eur.
600 2596 685 2630 Her.
702 2595 772 2629 fur.
792 2596 881 2628 1198
897 2606 948 2638 sq.
966 2613 1002 2617 -
1014 2592 1211 2626 Pausanias
1226 2591 1355 2629 111,20.
1368 2591 1410 2623 10
1424 2601 1475 2632 sq.
1492 2592 1620 2623 narrat

96 2655 142 2689 de
166 2655 363 2699 Penelopa,
403 2666 484 2690 cum
511 2656 557 2689 ab
586 2655 693 2689 Ulixe
720 2654 1028 2696 interrogaretur,
1061 2651 1221 2684 velletne
1247 2661 1284 2682 se
1310 2648 1410 2691 sequi
1446 2659 1491 2681 an
1524 2646 1621 2690 apud

94 2716 240 2757 patrem
273 2725 480 2748 remanere:
520 2716 579 2746 καὶ
608 2712 671 2754 τὴν
703 2709 978 2753 ἀποκριίἰισθαί
1011 2720 1126 2754 ([ασιν
1159 2705 1283 2740 οὐδέν·
1320 2707 1622 2750 ἰγκαλιιψαμέινης

97 2772 140 2806 δὲ
165 2771 257 2816 πρὸς
281 2770 320 2806 τὸ
348 2769 515 2818 ἐρώτημα
539 2767 687 2815 Ἰκάριος
712 2769 776 2811 Τὴν
801 2771 883 2813 μέν,
910 2764 968 2800 ἅτε
997 2765 1041 2808 δὴ
1070 2768 1205 2802 συνιεὶς
1233 2763 1278 2801 ὠς
1298 2762 1456 2807 βούλεται
1477 2760 1619 2795 ἀπιέναι

97 2829 189 2876 μετὰ
212 2828 424 2874 Ὀδυσσέως,
451 2827 617 2874 ἀφίησιν,
645 2824 791 2873 ἄγαλμα
820 2826 859 2859 δὲ
888 2823 1067 2866 ἀνέθηκεν
1092 2823 1237 2861 Αἰδοῦς.
1278 2822 1433 2855 ἐνταῦθα
1465 2817 1533 2864 γὰρ
1562 2819 1621 2860 τῆς

96 2883 185 2922 ὁδοῦ
210 2885 444 2934 προήκουσαν
468 2883 536 2931 ἤδη
563 2886 626 2930 τὴν
654 2882 869 2929 Πηνελόπην
894 2885 1062 2928 λέγουσιν
1087 2878 1379 2926 ἐγκαλύψασθαι.
