1912 3310
840 196 904 228 105

105 310 238 364 πατρὶ
268 306 344 360 τὰς
372 305 562 366 ἀδελφάς
590 313 684 360 τοῖς
713 309 920 365 οἶὸελφοῐς
951 310 1188 351 συνοικίσαι
1218 311 1306 353 κτλ.
1363 312 1412 352 In
1441 324 1522 364 qua
1544 324 1632 353 ma-

104 377 208 419 teria
253 378 484 419 exornanda
530 380 651 431 poeta
695 391 791 420 sane
835 378 1046 419 libidinem
1097 378 1334 431 perniciosis
1373 378 1633 431 captionibus

103 444 322 498 sophistice
352 445 539 486 indutam
574 445 786 486 ostendere
814 445 961 498 potuit.
1000 469 1052 473 -
1099 444 1176 487 Sed
1207 445 1332 486 etiam
1364 445 1497 497 magis
1533 444 1633 486 Ovi-

103 512 271 553 dianam
304 511 483 553 Canaces
513 512 733 564 epistulam
765 512 879 563 (Her.
911 512 989 557 XI)
1021 512 1166 565 respici
1197 512 1371 565 oportet,
1416 512 1559 565 utpote
1589 512 1631 552 in

103 591 184 632 qua
205 577 412 631 Euripidis
437 579 612 619 Aeolum
644 591 870 632 expressam
901 591 984 620 esse
1015 579 1257 620 contendere
1287 579 1482 620 soleantl.
1513 577 1631 630 Quod

102 645 300 686 iudicium
333 645 520 698 equidem
552 645 611 687 ita
642 646 1059 687 circumscribendum
1098 646 1299 696 existimo,
1336 646 1382 686 ut
1420 657 1632 687 sumamus

102 712 358 765 tragoediam
392 714 556 767 quidem
589 713 707 766 quasi
738 713 996 754 fundamenti
1031 713 1137 754 vices
1174 713 1365 766 primitus
1397 712 1630 766 explevisse,

102 792 244 821 verum
276 780 575 823 Alexandrinos
606 781 823 822 materiam
855 781 960 822 hanc
1008 781 1059 822 ad
1096 781 1340 822 intestinum
1381 792 1479 833 opus
1520 780 1632 821 trac-

100 846 272 888 tabilem
315 860 388 889 suo
419 848 554 889 Marte
595 848 792 901 polientes
831 848 1095 901 aliquatenus
1133 848 1241 889 certe
1272 848 1414 899 poetae
1445 847 1631 888 Romano

101 925 375 966 praeparasse,
421 914 528 956 unde
571 915 854 957 additamenta
901 915 940 956 et
987 914 1096 956 haud
1128 914 1229 956 levis
1261 914 1466 955 dissensus
1497 927 1520 955 a
1550 914 1634 955 tra-

100 980 193 1034 gico
223 981 455 1034 exemplari,
504 995 622 1036 quein
654 982 795 1023 Rohde
833 982 1013 1035 tetigit2,
1050 982 1194 1034 sponte
1226 981 1496 1034 explicantur.
1557 981 1632 1021 Et-

101 1048 208 1089 enim
237 1048 399 1090 uberior
429 1049 472 1089 in
503 1049 588 1091 dies
618 1049 941 1103 ingravescentis
973 1048 1122 1090 furoris
1154 1048 1379 1090 illustratio
1414 1061 1450 1090 v.
1481 1050 1532 1089 25
1551 1061 1629 1101 sq.,

101 1115 167 1156 cui
196 1115 238 1156 in
269 1116 487 1169 tragoedia
518 1118 662 1169 aptum
690 1117 825 1158 locum
861 1116 1058 1170 indagare
1089 1128 1170 1157 non
1202 1116 1414 1170 continget
1450 1140 1501 1145 —-
1535 1129 1630 1157 nam

100 1183 210 1224 errat
242 1182 430 1224 Welcker
472 1184 516 1234 (l.
548 1184 573 1224 1.
612 1197 647 1237 p.
682 1185 780 1236 867)
816 1209 866 1212 -—
904 1183 1228 1225 Alexandrinam
1272 1184 1410 1236 poesin
1454 1183 1487 1224 si
1533 1182 1631 1236 quid

102 1262 282 1302 unquam
307 1250 428 1303 sapit,
461 1251 526 1291 cui
556 1251 654 1292 item
688 1251 888 1292 nutricem
921 1251 1058 1292 animo
1090 1263 1270 1292 amorem
1292 1251 1632 1304 praesentientem

99 1329 137 1358 v.
167 1317 220 1357 33
248 1317 385 1358 deberi
433 1331 514 1359 non
557 1319 738 1372 negabis,
781 1319 814 1359 si
848 1319 980 1368 modo,
1019 1331 1123 1372 quae
1155 1319 1276 1360 antea
1307 1318 1355 1358 de
1390 1317 1523 1358 solitis
1555 1330 1632 1357 nu-

97 1383 250 1425 tricum
292 1385 479 1437 partibus
526 1385 747 1438 disputavi,
795 1386 1026 1427 memineris
1075 1385 1144 1435 (cf.
1177 1398 1299 1438 supra
1338 1398 1374 1438 p.
1408 1385 1491 1435 72).
1554 1382 1631 1425 Ca-

99 1463 227 1493 nacen
277 1452 408 1505 igitur
457 1453 540 1494 illis
588 1453 841 1506 temporibus
883 1453 1008 1494 simili
1040 1453 1160 1494 modo
1193 1454 1317 1506 atque
1347 1451 1560 1506 Myrrham
1593 1451 1632 1492 et

99 1518 293 1573 Scyllam,
326 1520 372 1562 ut
403 1520 614 1562 Phaedrae
645 1521 871 1573 exemplum
904 1533 1060 1573 semper
1091 1520 1387 1566 obversaretur,
1416 1518 1631 1560 cantatam

98 1599 182 1628 esse
227 1587 329 1628 mihi
371 1588 550 1634 constat;
604 1588 712 1641 quod
751 1588 951 1629 iudicium
990 1588 1175 1629 illustrat
1213 1587 1443 1640 puellarum
1475 1585 1632 1638 perdite

98 1654 329 1696 amantium
374 1656 416 1696 in
462 1655 623 1708 pictura
660 1655 712 1696 ad
759 1655 867 1697 viam
912 1655 1092 1708 Appiam
1137 1655 1306 1696 inventa
1351 1653 1425 1695 illa
1470 1653 1629 1703 series-³,

97 1721 139 1762 in
189 1735 269 1774 qua
323 1723 624 1775 componuntur
682 1723 916 1764 nominibus
967 1723 1186 1776 adscriptis
1236 1721 1424 1763 Phaedra
1475 1720 1634 1762 Canace

101 1788 238 1843 Scylla
288 1789 458 1843 Myrrha
505 1789 746 1842 Pasiphae&
804 1790 868 1831 cui
911 1789 1095 1831 conferas
1139 1789 1293 1831 similes
1344 1788 1555 1840 catalogos
1609 1801 1630 1830 a

96 1855 227 1908 poetis
262 1856 507 1898 confectos5.
568 1856 675 1898 Nam
721 1856 773 1898 ad
818 1857 950 1910 ipsam
1000 1857 1107 1898 hanc
1154 1856 1297 1898 seriem
1341 1855 1630 1897 inveniendam

236 1988 247 2007 ¹
275 1986 328 2022 Cf.
355 1986 528 2021 Welcker
561 1987 584 2021 l.
611 1987 634 2020 l.
660 1998 694 2030 p.
724 1987 802 2020 860.
854 1986 938 2020 Birt
963 1987 985 2020 l.
1014 1987 1035 2020 l.
1061 1998 1096 2030 p.
1123 1986 1202 2020 400.
1231 1987 1309 2020 408.

232 2047 245 2066 ²
273 2046 314 2080 L.
341 2046 363 2081 1.
403 2058 436 2090 p.
468 2047 546 2079 101.
575 2047 613 2089 ‘23
665 2045 710 2080 cf.
742 2057 777 2090 p.
808 2046 884 2079 129.
936 2046 1002 2080 Ille
1035 2046 1279 2079 inconsultius
1314 2057 1460 2079 omnem
1492 2046 1631 2091 cogita-

98 2106 236 2140 tionem
263 2105 308 2139 de
336 2104 527 2149 Euripidis
555 2104 764 2139 imitatione
794 2105 979 2139 abiectam
1006 2105 1098 2138 vult.

230 2165 243 2184 ³
270 2165 492 2198 Asservatur
519 2175 617 2198 nunc
642 2163 782 2198 Romae
808 2164 846 2197 111
872 2175 996 2198 museo
1013 2163 1213 2207 Vatican03
1245 2163 1291 2199 cf.
1311 2163 1631 2198 Raoul-Rochette

96 2223 215 2258 Peint.
248 2226 322 2257 ant.
357 2223 453 2258 ined.
487 2223 528 2258 T.
559 2225 658 2257 1—5.
718 2223 852 2256 Biondi
884 2223 1046 2256 Monum.
1080 2223 1343 2257 Amaranziani
1375 2223 1415 2258 T.
1448 2222 1632 2257 III—VII.

95 2281 194 2316 Jahn
219 2282 331 2316 Arch.
358 2282 474 2316 Beitr.
507 2294 542 2326 p.
572 2283 650 2316 245.
703 2282 855 2325 Dilthey
882 2282 1016 2316 Annal.
1050 2282 1136 2316 dell’
1170 2282 1256 2315 [nst.
1301 2282 1389 2314 1869
1424 2293 1458 2325 p.
1487 2283 1543 2315 63.
1587 2301 1629 2306 ——

97 2340 251 2384 Dilthey
278 2340 443 2375 Canacen
469 2344 785 2385 repraesentatam
814 2353 889 2375 esse
916 2344 1026 2385 putat
1051 2341 1088 2374 in
1115 2341 1262 2384 pictura
1280 2340 1505 2384 Pompeiana
1523 2340 1632 2375 Helb.

96 2411 154 2433 no.
178 2401 263 2433 1381
290 2400 324 2434 b.
346 2400 493 2444 (Bullet.
516 2401 602 2434 dell’
621 2400 709 2434 Inst.
742 2401 829 2434 1869
856 2412 889 2444 p.
921 2400 1002 2443 158)
1031 2403 1067 2434 et
1095 2400 1132 2433 in
1158 2399 1306 2443 pictura
1333 2399 1510 2433 Stabiana
1525 2399 1631 2433 Helb.

96 2457 139 2492 N.
167 2457 268 2491 1265.
297 2459 451 2499 (Annali
477 2459 562 2493 dell’
590 2459 677 2493 Inst.
713 2459 800 2493 1869
828 2471 862 2502 p.
891 2459 946 2492 63.
974 2459 1029 2502 2);
1063 2458 1106 2492 cf.
1136 2458 1205 2492 Rh.
1234 2458 1328 2491 Mus.
1357 2457 1459 2491 XXV
1485 2469 1520 2502 p.
1552 2460 1629 2492 156.

230 2517 243 2536 4
269 2516 419 2560 Dilthey
445 2517 514 2552 Rh.
541 2518 633 2552 Mus.
654 2518 747 2562 (1.1.)
775 2518 939 2561 puellam
965 2529 1039 2551 non
1065 2517 1296 2551 nominatam
1324 2516 1482 2560 Byblida
1508 2519 1629 2560 putat.

231 2577 244 2595 ⁵
270 2576 500 2611 Modestinus
527 2578 639 2612 Anth.
668 2578 748 2612 Lat.
776 2590 833 2611 no.
853 2577 920 2612 273
947 2578 963 2611 Ι
988 2589 1023 2622 p.
1046 2578 1111 2611 183
1131 2577 1175 2611 R.
1193 2581 1343 2622 praeter
1362 2577 1453 2611 alias
1472 2577 1631 2620 Byblida

96 2634 219 2678 addit3
245 2634 336 2669 item
354 2635 507 2670 Ovidius
524 2638 606 2670 Art.
627 2638 708 2670 Am.
728 2637 755 2679 I,
784 2637 852 2670 283
871 2648 923 2680 sq.
952 2636 1120 2671 Canacen
1147 2636 1332 2670 omittens.
1355 2655 1394 2660 —
1410 2635 1629 2680 Catalogum

94 2693 244 2737 paulum
262 2693 455 2728 variarunt
469 2694 755 2739 PropertiusIV,
775 2697 876 2729 19.11
890 2707 942 2739 sq.
965 2695 1009 2728 H.
1032 2698 1068 2729 et
1082 2695 1269 2740 Vergilius
1285 2696 1376 2729 Aen.
1396 2695 1458 2735 VI,
1479 2695 1545 2728 441
1564 2706 1629 2738 sq.,

97 2752 398 2795 quemAusonius
415 2753 573 2797 (Cupido
589 2754 690 2788 cruci
706 2754 855 2798 affixus)
869 2754 1055 2797 imitatur;
1071 2754 1115 2789 cf.
1132 2754 1285 2798 Dilthey
1301 2754 1356 2788 1.1.
1377 2754 1494 2788 Miror
1509 2754 1628 2787 virum

98 2810 247 2844 doctum
272 2811 478 2856 neglexisse
505 2812 667 2847 alterum
694 2813 814 2848 Ovidii
841 2814 1051 2858 catalogum
1077 2813 1130 2848 Ib.
1158 2815 1225 2847 355
1245 2825 1316 2858 sq.:
1343 2813 1470 2857 Byblis
1489 2812 1629 2847 Canace

95 2868 271 2914 Pelopeia
296 2869 450 2914 Myrrha
474 2870 691 2916 Nyctimene
717 2871 916 2907 Comaetho
943 2871 1082 2918 Scylla3
1113 2872 1159 2907 cf.
1178 2872 1309 2908 Rohde
1333 2872 1355 2907 l.
1377 2873 1400 2906 l.
1426 2883 1461 2917 p.
1486 2873 1564 2905 101.
1587 2872 1619 2905 2.
