<?xml version="1.0" encoding="UTF-8"?>
<!DOCTYPE html PUBLIC "-//W3C//DTD XHTML 1.0 Transitional//EN"
    "http://www.w3.org/TR/xhtml1/DTD/xhtml1-transitional.dtd">
<html xmlns="http://www.w3.org/1999/xhtml" xml:lang="en" lang="en">
 <head>
  <title>
</title>
<meta http-equiv="Content-Type" content="text/html;charset=utf-8" />
  <meta name='ocr-system' content='tesseract 3.04.00' />
  <meta name='ocr-capabilities' content='ocr_page ocr_carea ocr_par ocr_line ocrx_word'/>
</head>
<body>
  <div class='ocr_page' id='page_1' title='image "./dehippolytiseuri00kalkuoft_0020.png"; bbox 0 0 1912 3310; ppageno 0'>
   <div class='ocr_carea' id='block_1_1' title="bbox 1027 172 1069 205">
    <p class='ocr_par' dir='ltr' id='par_1_1' title="bbox 1027 172 1069 205">
     <span class='ocr_line' id='line_1_1' title="bbox 1027 172 1069 205; baseline 0.024 -1"><span class='ocrx_word' id='word_1_1' title='bbox 1027 172 1069 205; x_wconf 89' lang='lat'>16</span> 
     </span>
    </p>
   </div>
   <div class='ocr_carea' id='block_1_2' title="bbox 280 281 1818 2219">
    <p class='ocr_par' dir='ltr' id='par_1_2' title="bbox 283 281 1818 476">
     <span class='ocr_line' id='line_1_2' title="bbox 286 281 1818 339; baseline 0.001 -13"><span class='ocrx_word' id='word_1_2' title='bbox 286 285 490 339; x_wconf 84' lang='lat' dir='ltr'><strong>ambigue.</strong></span> <span class='ocrx_word' id='word_1_3' title='bbox 550 285 673 337; x_wconf 88' lang='lat' dir='ltr'>Apud</span> <span class='ocrx_word' id='word_1_4' title='bbox 704 284 946 338; x_wconf 80' lang='lat' dir='ltr'>Sophoclem</span> <span class='ocrx_word' id='word_1_5' title='bbox 979 285 1146 336; x_wconf 70' lang='lat' dir='ltr'>(Tra-ch.</span> <span class='ocrx_word' id='word_1_6' title='bbox 1176 286 1276 336; x_wconf 85' lang='lat'>355)</span> <span class='ocrx_word' id='word_1_7' title='bbox 1309 281 1420 337; x_wconf 73' lang='grc' dir='ltr'><em>ἔρως</em></span> <span class='ocrx_word' id='word_1_8' title='bbox 1450 284 1598 339; x_wconf 74' lang='grc' dir='ltr'><em>θέλγει</em></span> <span class='ocrx_word' id='word_1_9' title='bbox 1631 287 1658 327; x_wconf 93' lang='lat' dir='ltr'>i.</span> <span class='ocrx_word' id='word_1_10' title='bbox 1692 299 1725 329; x_wconf 90' lang='lat' dir='ltr'>e.</span> <span class='ocrx_word' id='word_1_11' title='bbox 1756 286 1818 328; x_wconf 81' lang='lat' dir='ltr'>fa-</span> 
     </span>
     <span class='ocr_line' id='line_1_3' title="bbox 284 351 1816 407; baseline 0.001 -14"><span class='ocrx_word' id='word_1_12' title='bbox 284 351 480 393; x_wconf 88' lang='lat' dir='ltr'>scinando</span> <span class='ocrx_word' id='word_1_13' title='bbox 529 352 680 393; x_wconf 82' lang='lat' dir='ltr'>excitat</span> <span class='ocrx_word' id='word_1_14' title='bbox 709 351 941 399; x_wconf 81' lang='lat' dir='ltr'>Herculem,</span> <span class='ocrx_word' id='word_1_15' title='bbox 992 353 1039 392; x_wconf 88' lang='lat' dir='ltr'>ut</span> <span class='ocrx_word' id='word_1_16' title='bbox 1084 351 1323 393; x_wconf 80' lang='lat' dir='ltr'>Oechaliam</span> <span class='ocrx_word' id='word_1_17' title='bbox 1370 355 1578 407; x_wconf 77' lang='lat' dir='ltr'>oppugnet</span> <span class='ocrx_word' id='word_1_18' title='bbox 1620 353 1690 405; x_wconf 88' lang='lat' dir='ltr'>(cf.</span> <span class='ocrx_word' id='word_1_19' title='bbox 1720 353 1816 396; x_wconf 88' lang='lat' dir='ltr'>Eur.</span> 
     </span>
     <span class='ocr_line' id='line_1_4' title="bbox 283 413 1816 476; baseline 0.001 -16"><span class='ocrx_word' id='word_1_20' title='bbox 283 419 380 472; x_wconf 85' lang='lat' dir='ltr'>Hip.</span> <span class='ocrx_word' id='word_1_21' title='bbox 415 419 562 467; x_wconf 84' lang='lat'>1274);</span> <span class='ocrx_word' id='word_1_22' title='bbox 620 417 860 473; x_wconf 74' lang='grc' dir='ltr'><em>θέλγητρον</em></span> <span class='ocrx_word' id='word_1_23' title='bbox 896 419 1071 471; x_wconf 82' lang='lat' dir='ltr'>explicat</span> <span class='ocrx_word' id='word_1_24' title='bbox 1103 419 1275 459; x_wconf 86' lang='lat' dir='ltr'>Photius</span> <span class='ocrx_word' id='word_1_25' title='bbox 1314 415 1363 459; x_wconf 79' lang='grc' dir='ltr'>τὸ</span> <span class='ocrx_word' id='word_1_26' title='bbox 1409 416 1471 469; x_wconf 82' lang='grc' dir='ltr'>εἰς</span> <span class='ocrx_word' id='word_1_27' title='bbox 1508 419 1664 476; x_wconf 77' lang='grc' dir='ltr'><em>ἡδονὴν</em></span> <span class='ocrx_word' id='word_1_28' title='bbox 1700 413 1816 474; x_wconf 69' lang='grc' dir='ltr'><em>ἄγον,</em></span> 
     </span>
    </p>

    <p class='ocr_par' dir='ltr' id='par_1_3' title="bbox 280 485 1818 2219">
     <span class='ocr_line' id='line_1_5' title="bbox 284 485 1813 540; baseline 0.001 -13"><span class='ocrx_word' id='word_1_29' title='bbox 284 498 362 539; x_wconf 91' lang='lat' dir='ltr'>quo</span> <span class='ocrx_word' id='word_1_30' title='bbox 394 487 516 528; x_wconf 85' lang='lat' dir='ltr'>verbo</span> <span class='ocrx_word' id='word_1_31' title='bbox 535 486 772 528; x_wconf 73' lang='lat' dir='ltr'>Athenaeus</span> <span class='ocrx_word' id='word_1_32' title='bbox 804 485 870 539; x_wconf 78' lang='lat' dir='ltr'>(V.</span> <span class='ocrx_word' id='word_1_33' title='bbox 897 486 977 526; x_wconf 79' lang='lat'>220</span> <span class='ocrx_word' id='word_1_34' title='bbox 995 485 1040 536; x_wconf 89' lang='lat' dir='ltr'>f.)</span> <span class='ocrx_word' id='word_1_35' title='bbox 1071 485 1130 526; x_wconf 92' lang='lat' dir='ltr'>sic</span> <span class='ocrx_word' id='word_1_36' title='bbox 1161 485 1306 533; x_wconf 86' lang='lat' dir='ltr'>utitur,</span> <span class='ocrx_word' id='word_1_37' title='bbox 1341 487 1388 525; x_wconf 94' lang='lat' dir='ltr'>ut</span> <span class='ocrx_word' id='word_1_38' title='bbox 1419 485 1545 528; x_wconf 87' lang='lat' dir='ltr'>addat</span> <span class='ocrx_word' id='word_1_39' title='bbox 1574 487 1813 540; x_wconf 77' lang='lat' dir='ltr'>genetivum</span> 
     </span>
     <span class='ocr_line' id='line_1_6' title="bbox 282 549 1817 606; baseline 0.001 -12"><span class='ocrx_word' id='word_1_40' title='bbox 282 553 532 595; x_wconf 88' lang='lat' dir='ltr'>obiectivum</span> <span class='ocrx_word' id='word_1_41' title='bbox 563 549 737 594; x_wconf 72' lang='grc' dir='ltr'><em>πόθων.</em></span> <span class='ocrx_word' id='word_1_42' title='bbox 803 552 1047 605; x_wconf 89' lang='lat' dir='ltr'>Apollonius</span> <span class='ocrx_word' id='word_1_43' title='bbox 1086 552 1270 593; x_wconf 84' lang='lat' dir='ltr'>Rhodius</span> <span class='ocrx_word' id='word_1_44' title='bbox 1307 552 1481 605; x_wconf 84' lang='lat' dir='ltr'>denique</span> <span class='ocrx_word' id='word_1_45' title='bbox 1512 553 1634 606; x_wconf 89' lang='lat' dir='ltr'>fingit</span> <span class='ocrx_word' id='word_1_46' title='bbox 1663 554 1817 595; x_wconf 90' lang='lat' dir='ltr'>Miner-</span> 
     </span>
     <span class='ocr_line' id='line_1_7' title="bbox 282 619 1816 673; baseline 0.001 -12"><span class='ocrx_word' id='word_1_47' title='bbox 282 633 375 662; x_wconf 87' lang='lat' dir='ltr'>vam</span> <span class='ocrx_word' id='word_1_48' title='bbox 408 622 656 673; x_wconf 73' lang='lat' dir='ltr'>querentem,</span> <span class='ocrx_word' id='word_1_49' title='bbox 696 619 803 672; x_wconf 86' lang='lat' dir='ltr'>quod</span> <span class='ocrx_word' id='word_1_50' title='bbox 838 619 1005 660; x_wconf 80' lang='lat' dir='ltr'>Veneris</span> <span class='ocrx_word' id='word_1_51' title='bbox 1043 619 1196 659; x_wconf 89' lang='lat' dir='ltr'>artium</span> <span class='ocrx_word' id='word_1_52' title='bbox 1238 619 1367 660; x_wconf 83' lang='lat' dir='ltr'>inscia</span> <span class='ocrx_word' id='word_1_53' title='bbox 1406 620 1461 660; x_wconf 90' lang='lat' dir='ltr'>sit</span> <span class='ocrx_word' id='word_1_54' title='bbox 1501 621 1602 673; x_wconf 87' lang='lat' dir='ltr'>Arg.</span> <span class='ocrx_word' id='word_1_55' title='bbox 1634 620 1710 670; x_wconf 76' lang='grc' dir='ltr'>ΙΙΙ,</span> <span class='ocrx_word' id='word_1_56' title='bbox 1743 622 1816 662; x_wconf 87' lang='lat'>33:</span> 
     </span>
     <span class='ocr_line' id='line_1_8' title="bbox 283 679 1816 740; baseline 0 -12"><span class='ocrx_word' id='word_1_57' title='bbox 283 680 338 728; x_wconf 68' lang='grc' dir='ltr'><em>ου’</em></span> <span class='ocrx_word' id='word_1_58' title='bbox 370 686 417 728; x_wconf 76' lang='grc' dir='ltr'>δέ</span> <span class='ocrx_word' id='word_1_59' title='bbox 447 702 540 727; x_wconf 83' lang='grc' dir='ltr'><em>τινα</em></span> <span class='ocrx_word' id='word_1_60' title='bbox 569 684 698 739; x_wconf 70' lang='grc' dir='ltr'><em>χρειώ</em></span> <span class='ocrx_word' id='word_1_61' title='bbox 732 682 993 740; x_wconf 72' lang='grc' dir='ltr'><em>θελκτήριον</em></span> <span class='ocrx_word' id='word_1_62' title='bbox 1024 679 1122 726; x_wconf 78' lang='grc' dir='ltr'><em>οἶδα</em></span> <span class='ocrx_word' id='word_1_63' title='bbox 1152 686 1336 727; x_wconf 68' lang='grc' dir='ltr'><em>πόθοιο.</em></span> <span class='ocrx_word' id='word_1_64' title='bbox 1388 686 1466 728; x_wconf 85' lang='lat' dir='ltr'>Sed</span> <span class='ocrx_word' id='word_1_65' title='bbox 1489 687 1539 728; x_wconf 87' lang='lat' dir='ltr'>ad</span> <span class='ocrx_word' id='word_1_66' title='bbox 1563 687 1816 728; x_wconf 79' lang='lat' dir='ltr'>eontrarium</span> 
     </span>
     <span class='ocr_line' id='line_1_9' title="bbox 282 753 1815 808; baseline -0.002 -11"><span class='ocrx_word' id='word_1_67' title='bbox 282 768 455 808; x_wconf 88' lang='lat' dir='ltr'>eumque</span> <span class='ocrx_word' id='word_1_68' title='bbox 491 754 659 796; x_wconf 86' lang='lat' dir='ltr'>sedandi</span> <span class='ocrx_word' id='word_1_69' title='bbox 699 755 820 796; x_wconf 86' lang='lat' dir='ltr'>huius</span> <span class='ocrx_word' id='word_1_70' title='bbox 858 754 969 795; x_wconf 85' lang='lat' dir='ltr'>verbi</span> <span class='ocrx_word' id='word_1_71' title='bbox 1017 765 1179 794; x_wconf 87' lang='lat' dir='ltr'>sensum</span> <span class='ocrx_word' id='word_1_72' title='bbox 1215 753 1322 794; x_wconf 89' lang='lat' dir='ltr'>idem</span> <span class='ocrx_word' id='word_1_73' title='bbox 1355 755 1477 806; x_wconf 89' lang='lat' dir='ltr'>poeta</span> <span class='ocrx_word' id='word_1_74' title='bbox 1508 756 1649 807; x_wconf 88' lang='lat' dir='ltr'>aptum</span> <span class='ocrx_word' id='word_1_75' title='bbox 1681 766 1815 795; x_wconf 81' lang='lat' dir='ltr'>exem-</span> 
     </span>
     <span class='ocr_line' id='line_1_10' title="bbox 281 816 1815 876; baseline -0.001 -13"><span class='ocrx_word' id='word_1_76' title='bbox 281 823 395 876; x_wconf 87' lang='lat' dir='ltr'>plum</span> <span class='ocrx_word' id='word_1_77' title='bbox 432 822 597 875; x_wconf 75' lang='lat' dir='ltr'>praebet</span> <span class='ocrx_word' id='word_1_78' title='bbox 627 822 728 875; x_wconf 88' lang='lat' dir='ltr'>Arg.</span> <span class='ocrx_word' id='word_1_79' title='bbox 759 821 836 871; x_wconf 87' lang='lat' dir='ltr'>III,</span> <span class='ocrx_word' id='word_1_80' title='bbox 871 821 967 862; x_wconf 83' lang='lat'>738:</span> <span class='ocrx_word' id='word_1_81' title='bbox 1006 819 1247 874; x_wconf 71' lang='grc' dir='ltr'><em>θελκτήρια</em></span> <span class='ocrx_word' id='word_1_82' title='bbox 1287 817 1493 875; x_wconf 62' lang='grc' dir='ltr'><em>φάρμακα</em></span> <span class='ocrx_word' id='word_1_83' title='bbox 1525 816 1696 873; x_wconf 74' lang='grc' dir='ltr'><em>ταύρων</em></span> <span class='ocrx_word' id='word_1_84' title='bbox 1724 821 1750 861; x_wconf 89' lang='lat' dir='ltr'>i.</span> <span class='ocrx_word' id='word_1_85' title='bbox 1782 833 1815 862; x_wconf 87' lang='lat' dir='ltr'>e.</span> 
     </span>
     <span class='ocr_line' id='line_1_11' title="bbox 281 883 1816 944; baseline -0.002 -13"><span class='ocrx_word' id='word_1_86' title='bbox 281 889 461 931; x_wconf 88' lang='lat' dir='ltr'>remedia</span> <span class='ocrx_word' id='word_1_87' title='bbox 491 889 669 930; x_wconf 88' lang='lat' dir='ltr'>furorem</span> <span class='ocrx_word' id='word_1_88' title='bbox 702 890 917 930; x_wconf 84' lang='lat' dir='ltr'>taurorum</span> <span class='ocrx_word' id='word_1_89' title='bbox 944 887 1205 941; x_wconf 78' lang='lat' dir='ltr'>mitigantia,</span> <span class='ocrx_word' id='word_1_90' title='bbox 1238 883 1412 944; x_wconf 67' lang='grc' dir='ltr'>λυτήρια</span> <span class='ocrx_word' id='word_1_91' title='bbox 1434 889 1480 928; x_wconf 92' lang='lat' dir='ltr'>ut</span> <span class='ocrx_word' id='word_1_92' title='bbox 1503 888 1725 929; x_wconf 83' lang='lat' dir='ltr'>scholiasta</span> <span class='ocrx_word' id='word_1_93' title='bbox 1749 900 1816 929; x_wconf 80' lang='lat' dir='ltr'>ex-</span> 
     </span>
     <span class='ocr_line' id='line_1_12' title="bbox 281 950 1813 1011; baseline -0.002 -13"><span class='ocrx_word' id='word_1_94' title='bbox 281 957 409 1010; x_wconf 88' lang='lat' dir='ltr'>plicat</span> <span class='ocrx_word' id='word_1_95' title='bbox 439 956 508 1011; x_wconf 83' lang='lat' dir='ltr'>(cf.</span> <span class='ocrx_word' id='word_1_96' title='bbox 540 969 577 998; x_wconf 76' lang='lat' dir='ltr'>v.</span> <span class='ocrx_word' id='word_1_97' title='bbox 610 957 719 1007; x_wconf 81' lang='lat'>766).</span> <span class='ocrx_word' id='word_1_98' title='bbox 798 955 941 1008; x_wconf 80' lang='lat' dir='ltr'>Neque</span> <span class='ocrx_word' id='word_1_99' title='bbox 972 955 1085 995; x_wconf 85' lang='lat' dir='ltr'>aliud</span> <span class='ocrx_word' id='word_1_100' title='bbox 1117 950 1237 1007; x_wconf 72' lang='grc' dir='ltr'><em>λόγοι</em></span> <span class='ocrx_word' id='word_1_101' title='bbox 1277 951 1527 1010; x_wconf 71' lang='grc' dir='ltr'><em>θελκτήριοι</em></span> <span class='ocrx_word' id='word_1_102' title='bbox 1567 955 1681 1008; x_wconf 87' lang='lat' dir='ltr'>(Eur.</span> <span class='ocrx_word' id='word_1_103' title='bbox 1714 954 1813 1008; x_wconf 88' lang='lat' dir='ltr'>Hip.</span> 
     </span>
     <span class='ocr_line' id='line_1_13' title="bbox 281 1018 1813 1078; baseline -0.001 -13"><span class='ocrx_word' id='word_1_104' title='bbox 281 1024 405 1074; x_wconf 78' lang='lat'>478),</span> <span class='ocrx_word' id='word_1_105' title='bbox 454 1025 499 1064; x_wconf 89' lang='lat' dir='ltr'>ut</span> <span class='ocrx_word' id='word_1_106' title='bbox 543 1023 686 1064; x_wconf 84' lang='lat' dir='ltr'>statim</span> <span class='ocrx_word' id='word_1_107' title='bbox 721 1021 1023 1073; x_wconf 84' lang='lat' dir='ltr'>demonstrabo,</span> <span class='ocrx_word' id='word_1_108' title='bbox 1074 1023 1113 1062; x_wconf 92' lang='lat' dir='ltr'>et</span> <span class='ocrx_word' id='word_1_109' title='bbox 1162 1020 1307 1073; x_wconf 69' lang='grc' dir='ltr'><em>μῦθοι</em></span> <span class='ocrx_word' id='word_1_110' title='bbox 1353 1018 1603 1078; x_wconf 69' lang='grc' dir='ltr'><em>θελκτήριοι</em></span> <span class='ocrx_word' id='word_1_111' title='bbox 1651 1022 1813 1071; x_wconf 85' lang='lat' dir='ltr'>(Aesch.</span> 
     </span>
     <span class='ocr_line' id='line_1_14' title="bbox 282 1084 1816 1144; baseline -0.001 -13"><span class='ocrx_word' id='word_1_112' title='bbox 282 1090 403 1131; x_wconf 89' lang='lat' dir='ltr'>Eum.</span> <span class='ocrx_word' id='word_1_113' title='bbox 424 1091 496 1141; x_wconf 79' lang='lat'>81)</span> <span class='ocrx_word' id='word_1_114' title='bbox 518 1090 777 1144; x_wconf 83' lang='lat' dir='ltr'>significant3</span> <span class='ocrx_word' id='word_1_115' title='bbox 811 1089 879 1130; x_wconf 89' lang='lat' dir='ltr'>sed</span> <span class='ocrx_word' id='word_1_116' title='bbox 897 1089 1016 1139; x_wconf 90' lang='lat' dir='ltr'>idem,</span> <span class='ocrx_word' id='word_1_117' title='bbox 1045 1088 1151 1141; x_wconf 89' lang='lat' dir='ltr'>quod</span> <span class='ocrx_word' id='word_1_118' title='bbox 1185 1086 1385 1142; x_wconf 74' lang='grc' dir='ltr'><em>ἐπῳδαὶ</em></span> <span class='ocrx_word' id='word_1_119' title='bbox 1408 1084 1659 1141; x_wconf 70' lang='grc' dir='ltr'><em>θελκτήριοι</em></span> <span class='ocrx_word' id='word_1_120' title='bbox 1682 1087 1816 1140; x_wconf 85' lang='lat' dir='ltr'>(Plut.</span> 
     </span>
     <span class='ocr_line' id='line_1_15' title="bbox 282 1148 1818 1210; baseline -0.003 -10"><span class='ocrx_word' id='word_1_121' title='bbox 282 1159 423 1200; x_wconf 85' lang='lat' dir='ltr'>Amat.</span> <span class='ocrx_word' id='word_1_122' title='bbox 438 1159 521 1208; x_wconf 86' lang='grc'>16).</span> <span class='ocrx_word' id='word_1_123' title='bbox 564 1157 705 1210; x_wconf 89' lang='lat' dir='ltr'>Neque</span> <span class='ocrx_word' id='word_1_124' title='bbox 718 1155 911 1197; x_wconf 85' lang='lat' dir='ltr'>Mercurii</span> <span class='ocrx_word' id='word_1_125' title='bbox 929 1155 1094 1197; x_wconf 90' lang='lat' dir='ltr'>caducei</span> <span class='ocrx_word' id='word_1_126' title='bbox 1112 1156 1342 1204; x_wconf 83' lang='lat' dir='ltr'>obliviscar,</span> <span class='ocrx_word' id='word_1_127' title='bbox 1367 1156 1436 1210; x_wconf 88' lang='lat' dir='ltr'>qui</span> <span class='ocrx_word' id='word_1_128' title='bbox 1457 1149 1625 1209; x_wconf 69' lang='grc' dir='ltr'><em>ἀνδρῶν</em></span> <span class='ocrx_word' id='word_1_129' title='bbox 1645 1148 1818 1207; x_wconf 71' lang='grc' dir='ltr'><em>ῗίμματα</em></span> 
     </span>
     <span class='ocr_line' id='line_1_16' title="bbox 283 1223 1815 1279; baseline -0.001 -13"><span class='ocrx_word' id='word_1_130' title='bbox 283 1225 444 1279; x_wconf 72' lang='grc' dir='ltr'>θέλγει.</span> <span class='ocrx_word' id='word_1_131' title='bbox 462 1249 515 1254; x_wconf 86' lang='lat'><strong>—</strong></span> <span class='ocrx_word' id='word_1_132' title='bbox 534 1224 612 1266; x_wconf 90' lang='lat' dir='ltr'>Sed</span> <span class='ocrx_word' id='word_1_133' title='bbox 634 1224 793 1277; x_wconf 83' lang='lat' dir='ltr'>reliqua.</span> <span class='ocrx_word' id='word_1_134' title='bbox 811 1223 930 1272; x_wconf 89' lang='lat' dir='ltr'>audi;</span> <span class='ocrx_word' id='word_1_135' title='bbox 952 1224 1234 1276; x_wconf 79' lang='lat' dir='ltr'>provocabunt</span> <span class='ocrx_word' id='word_1_136' title='bbox 1253 1224 1361 1264; x_wconf 89' lang='lat' dir='ltr'>enim</span> <span class='ocrx_word' id='word_1_137' title='bbox 1383 1224 1434 1265; x_wconf 89' lang='lat' dir='ltr'>ad</span> <span class='ocrx_word' id='word_1_138' title='bbox 1452 1223 1574 1265; x_wconf 85' lang='lat' dir='ltr'>verba</span> <span class='ocrx_word' id='word_1_139' title='bbox 1591 1237 1627 1264; x_wconf 88' lang='lat' dir='ltr'>v.</span> <span class='ocrx_word' id='word_1_140' title='bbox 1647 1224 1725 1265; x_wconf 87' lang='grc'>511</span> <span class='ocrx_word' id='word_1_141' title='bbox 1739 1235 1815 1276; x_wconf 90' lang='lat' dir='ltr'>sq.:</span> 
     </span>
     <span class='ocr_line' id='line_1_17' title="bbox 282 1285 1816 1344; baseline -0.003 -10"><span class='ocrx_word' id='word_1_142' title='bbox 282 1290 309 1334; x_wconf 78' lang='grc' dir='ltr'>ἅ</span> <span class='ocrx_word' id='word_1_143' title='bbox 338 1293 374 1334; x_wconf 85' lang='grc' dir='ltr'>σ’</span> <span class='ocrx_word' id='word_1_144' title='bbox 409 1285 498 1334; x_wconf 34' lang='grc' dir='ltr'><em>οἷοίτ’</em></span> <span class='ocrx_word' id='word_1_145' title='bbox 530 1290 597 1332; x_wconf 71' lang='grc' dir='ltr'>ἐπ’</span> <span class='ocrx_word' id='word_1_146' title='bbox 627 1287 823 1343; x_wconf 80' lang='grc' dir='ltr'><em>αἰσχροῖς</em></span> <span class='ocrx_word' id='word_1_147' title='bbox 854 1314 905 1319; x_wconf 88' lang='grc'>-</span> <span class='ocrx_word' id='word_1_148' title='bbox 936 1287 1098 1331; x_wconf 64' lang='grc' dir='ltr'><em>παύσει</em></span> <span class='ocrx_word' id='word_1_149' title='bbox 1134 1286 1263 1331; x_wconf 78' lang='grc' dir='ltr'><em>νόσοι·</em></span> <span class='ocrx_word' id='word_1_150' title='bbox 1283 1290 1406 1344; x_wconf 77' lang='grc' dir='ltr'><em>τῆσδ’</em></span> <span class='ocrx_word' id='word_1_151' title='bbox 1429 1290 1531 1344; x_wconf 58' lang='grc' dir='ltr'>κτλ,</span> <span class='ocrx_word' id='word_1_152' title='bbox 1563 1291 1633 1344; x_wconf 90' lang='lat' dir='ltr'>qui</span> <span class='ocrx_word' id='word_1_153' title='bbox 1651 1291 1816 1331; x_wconf 87' lang='lat' dir='ltr'>conten-</span> 
     </span>
     <span class='ocr_line' id='line_1_18' title="bbox 283 1357 1813 1413; baseline -0.003 -11"><span class='ocrx_word' id='word_1_154' title='bbox 283 1361 384 1402; x_wconf 89' lang='lat' dir='ltr'>dant</span> <span class='ocrx_word' id='word_1_155' title='bbox 419 1359 654 1413; x_wconf 78' lang='lat' dir='ltr'>praevalere</span> <span class='ocrx_word' id='word_1_156' title='bbox 692 1358 1036 1412; x_wconf 88' lang='lat' dir='ltr'>significationem</span> <span class='ocrx_word' id='word_1_157' title='bbox 1069 1358 1237 1399; x_wconf 88' lang='lat' dir='ltr'>remedii</span> <span class='ocrx_word' id='word_1_158' title='bbox 1269 1358 1320 1399; x_wconf 84' lang='lat' dir='ltr'>ad</span> <span class='ocrx_word' id='word_1_159' title='bbox 1351 1359 1540 1400; x_wconf 89' lang='lat' dir='ltr'>morbum</span> <span class='ocrx_word' id='word_1_160' title='bbox 1570 1357 1813 1399; x_wconf 86' lang='lat' dir='ltr'>sanandum.</span> 
     </span>
     <span class='ocr_line' id='line_1_19' title="bbox 284 1424 1816 1481; baseline -0.003 -11"><span class='ocrx_word' id='word_1_161' title='bbox 284 1427 403 1481; x_wconf 80' lang='lat' dir='ltr'>Cave,</span> <span class='ocrx_word' id='word_1_162' title='bbox 448 1440 497 1468; x_wconf 91' lang='lat' dir='ltr'>ne</span> <span class='ocrx_word' id='word_1_163' title='bbox 535 1427 577 1467; x_wconf 90' lang='lat' dir='ltr'>in</span> <span class='ocrx_word' id='word_1_164' title='bbox 621 1427 697 1468; x_wconf 91' lang='lat' dir='ltr'>hac</span> <span class='ocrx_word' id='word_1_165' title='bbox 733 1439 815 1467; x_wconf 90' lang='lat' dir='ltr'>una</span> <span class='ocrx_word' id='word_1_166' title='bbox 854 1425 1195 1478; x_wconf 86' lang='lat' dir='ltr'>interpretatione</span> <span class='ocrx_word' id='word_1_167' title='bbox 1226 1426 1474 1479; x_wconf 77' lang='lat' dir='ltr'>acquiescas,</span> <span class='ocrx_word' id='word_1_168' title='bbox 1521 1437 1614 1466; x_wconf 88' lang='lat' dir='ltr'>cum</span> <span class='ocrx_word' id='word_1_169' title='bbox 1645 1424 1816 1466; x_wconf 88' lang='lat' dir='ltr'>demon—</span> 
     </span>
     <span class='ocr_line' id='line_1_20' title="bbox 281 1492 1815 1548; baseline -0.003 -11"><span class='ocrx_word' id='word_1_170' title='bbox 281 1495 406 1538; x_wconf 90' lang='lat' dir='ltr'>strari</span> <span class='ocrx_word' id='word_1_171' title='bbox 441 1494 582 1548; x_wconf 85' lang='lat' dir='ltr'>possit,</span> <span class='ocrx_word' id='word_1_172' title='bbox 631 1493 784 1535; x_wconf 77' lang='lat' dir='ltr'>Graece</span> <span class='ocrx_word' id='word_1_173' title='bbox 823 1493 1025 1546; x_wconf 84' lang='lat' dir='ltr'>cogitanti</span> <span class='ocrx_word' id='word_1_174' title='bbox 1065 1493 1195 1534; x_wconf 89' lang='lat' dir='ltr'>alium</span> <span class='ocrx_word' id='word_1_175' title='bbox 1234 1495 1443 1546; x_wconf 89' lang='lat' dir='ltr'>praeterea</span> <span class='ocrx_word' id='word_1_176' title='bbox 1478 1505 1641 1534; x_wconf 89' lang='lat' dir='ltr'>sensum</span> <span class='ocrx_word' id='word_1_177' title='bbox 1672 1492 1815 1544; x_wconf 89' lang='lat' dir='ltr'>sponte</span> 
     </span>
     <span class='ocr_line' id='line_1_21' title="bbox 282 1559 1815 1613; baseline -0.003 -9"><span class='ocrx_word' id='word_1_178' title='bbox 282 1562 401 1612; x_wconf 89' lang='lat' dir='ltr'>obici,</span> <span class='ocrx_word' id='word_1_179' title='bbox 446 1561 573 1603; x_wconf 89' lang='lat' dir='ltr'>talem</span> <span class='ocrx_word' id='word_1_180' title='bbox 618 1561 722 1602; x_wconf 88' lang='lat' dir='ltr'>fere:</span> <span class='ocrx_word' id='word_1_181' title='bbox 767 1560 995 1613; x_wconf 83' lang='lat' dir='ltr'>cupiditate</span> <span class='ocrx_word' id='word_1_182' title='bbox 1039 1560 1234 1613; x_wconf 75' lang='lat' dir='ltr'>explenda</span> <span class='ocrx_word' id='word_1_183' title='bbox 1280 1560 1458 1602; x_wconf 83' lang='lat' dir='ltr'>furorem</span> <span class='ocrx_word' id='word_1_184' title='bbox 1498 1559 1630 1601; x_wconf 90' lang='lat' dir='ltr'>sedari</span> <span class='ocrx_word' id='word_1_185' title='bbox 1669 1560 1710 1600; x_wconf 86' lang='lat' dir='ltr'>et</span> <span class='ocrx_word' id='word_1_186' title='bbox 1739 1559 1815 1600; x_wconf 90' lang='lat' dir='ltr'>hoc</span> 
     </span>
     <span class='ocr_line' id='line_1_22' title="bbox 282 1625 1817 1681; baseline -0.004 -10"><span class='ocrx_word' id='word_1_187' title='bbox 282 1630 401 1671; x_wconf 85' lang='lat' dir='ltr'>modo</span> <span class='ocrx_word' id='word_1_188' title='bbox 419 1629 606 1670; x_wconf 87' lang='lat' dir='ltr'>morbum</span> <span class='ocrx_word' id='word_1_189' title='bbox 624 1628 772 1669; x_wconf 89' lang='lat' dir='ltr'>sanari.</span> <span class='ocrx_word' id='word_1_190' title='bbox 822 1628 1029 1669; x_wconf 82' lang='lat' dir='ltr'>Theocriti</span> <span class='ocrx_word' id='word_1_191' title='bbox 1045 1628 1151 1669; x_wconf 88' lang='lat' dir='ltr'>enim</span> <span class='ocrx_word' id='word_1_192' title='bbox 1171 1626 1382 1669; x_wconf 81' lang='lat' dir='ltr'>Simaetha</span> <span class='ocrx_word' id='word_1_193' title='bbox 1401 1626 1629 1681; x_wconf 68' lang='lat' dir='ltr'>Thestylidi</span> <span class='ocrx_word' id='word_1_194' title='bbox 1644 1625 1817 1666; x_wconf 86' lang='lat' dir='ltr'>mandat</span> 
     </span>
     <span class='ocr_line' id='line_1_23' title="bbox 280 1682 1812 1748; baseline -0.003 -10"><span class='ocrx_word' id='word_1_195' title='bbox 280 1697 340 1738; x_wconf 86' lang='lat' dir='ltr'>Id.</span> <span class='ocrx_word' id='word_1_196' title='bbox 373 1697 428 1746; x_wconf 88' lang='lat' dir='ltr'>Il,</span> <span class='ocrx_word' id='word_1_197' title='bbox 458 1697 528 1737; x_wconf 82' lang='lat'>95:</span> <span class='ocrx_word' id='word_1_198' title='bbox 567 1692 604 1736; x_wconf 82' lang='grc' dir='ltr'>εἰ</span> <span class='ocrx_word' id='word_1_199' title='bbox 635 1694 669 1735; x_wconf 75' lang='grc' dir='ltr'>δ’</span> <span class='ocrx_word' id='word_1_200' title='bbox 703 1687 775 1748; x_wconf 70' lang='grc' dir='ltr'>ἄγε</span> <span class='ocrx_word' id='word_1_201' title='bbox 795 1693 978 1736; x_wconf 77' lang='grc' dir='ltr'><em>Θέστι·λι’</em></span> <span class='ocrx_word' id='word_1_202' title='bbox 1007 1709 1081 1746; x_wconf 84' lang='grc' dir='ltr'><em>μοι</em></span> <span class='ocrx_word' id='word_1_203' title='bbox 1112 1694 1301 1745; x_wconf 67' lang='grc' dir='ltr'><em>χαλεπᾶς</em></span> <span class='ocrx_word' id='word_1_204' title='bbox 1331 1689 1445 1735; x_wconf 70' lang='grc' dir='ltr'><em>νόσω</em></span> <span class='ocrx_word' id='word_1_205' title='bbox 1478 1682 1573 1745; x_wconf 63' lang='grc' dir='ltr'><em>εὗρέ</em></span> <span class='ocrx_word' id='word_1_206' title='bbox 1602 1708 1641 1733; x_wconf 88' lang='grc' dir='ltr'>τι</span> <span class='ocrx_word' id='word_1_207' title='bbox 1662 1698 1812 1746; x_wconf 78' lang='grc' dir='ltr'><em>μῆχος.</em></span> 
     </span>
     <span class='ocr_line' id='line_1_24' title="bbox 283 1759 1815 1817; baseline -0.003 -12"><span class='ocrx_word' id='word_1_208' title='bbox 283 1764 506 1806; x_wconf 82' lang='lat' dir='ltr'>Cuiusnam</span> <span class='ocrx_word' id='word_1_209' title='bbox 522 1762 681 1817; x_wconf 89' lang='lat' dir='ltr'>generis</span> <span class='ocrx_word' id='word_1_210' title='bbox 698 1764 757 1803; x_wconf 88' lang='lat' dir='ltr'>est</span> <span class='ocrx_word' id='word_1_211' title='bbox 775 1762 876 1803; x_wconf 88' lang='lat' dir='ltr'>illud</span> <span class='ocrx_word' id='word_1_212' title='bbox 896 1762 1180 1804; x_wconf 74' lang='lat' dir='ltr'>medicamen?</span> <span class='ocrx_word' id='word_1_213' title='bbox 1211 1762 1381 1814; x_wconf 87' lang='lat' dir='ltr'>Delphis</span> <span class='ocrx_word' id='word_1_214' title='bbox 1396 1761 1628 1803; x_wconf 83' lang='lat' dir='ltr'>arcessitur.</span> <span class='ocrx_word' id='word_1_215' title='bbox 1653 1759 1815 1802; x_wconf 89' lang='lat' dir='ltr'>Similia</span> 
     </span>
     <span class='ocr_line' id='line_1_25' title="bbox 282 1829 1814 1884; baseline -0.003 -11"><span class='ocrx_word' id='word_1_216' title='bbox 282 1832 441 1884; x_wconf 88' lang='lat' dir='ltr'>saepius</span> <span class='ocrx_word' id='word_1_217' title='bbox 464 1831 771 1872; x_wconf 79' lang='lat' dir='ltr'>inveniuntur¹.</span> <span class='ocrx_word' id='word_1_218' title='bbox 805 1854 857 1859; x_wconf 87' lang='lat'>——</span> <span class='ocrx_word' id='word_1_219' title='bbox 889 1829 968 1871; x_wconf 85' lang='lat' dir='ltr'>Sed</span> <span class='ocrx_word' id='word_1_220' title='bbox 999 1831 1046 1870; x_wconf 93' lang='lat' dir='ltr'>ut</span> <span class='ocrx_word' id='word_1_221' title='bbox 1077 1831 1215 1871; x_wconf 90' lang='lat' dir='ltr'>nostro</span> <span class='ocrx_word' id='word_1_222' title='bbox 1248 1830 1336 1870; x_wconf 89' lang='lat' dir='ltr'>loco</span> <span class='ocrx_word' id='word_1_223' title='bbox 1369 1829 1546 1881; x_wconf 88' lang='lat' dir='ltr'>amplius</span> <span class='ocrx_word' id='word_1_224' title='bbox 1577 1829 1703 1870; x_wconf 88' lang='lat' dir='ltr'>etiam</span> <span class='ocrx_word' id='word_1_225' title='bbox 1725 1840 1814 1868; x_wconf 90' lang='lat' dir='ltr'>am-</span> 
     </span>
     <span class='ocr_line' id='line_1_26' title="bbox 281 1890 1815 1953; baseline -0.003 -14"><span class='ocrx_word' id='word_1_226' title='bbox 281 1898 485 1952; x_wconf 75' lang='lat' dir='ltr'>bigamus,</span> <span class='ocrx_word' id='word_1_227' title='bbox 535 1898 673 1938; x_wconf 73' lang='lat' dir='ltr'>nutrix</span> <span class='ocrx_word' id='word_1_228' title='bbox 707 1897 844 1939; x_wconf 88' lang='lat' dir='ltr'>addit:</span> <span class='ocrx_word' id='word_1_229' title='bbox 890 1892 940 1953; x_wconf 72' lang='grc' dir='ltr'>ἢν</span> <span class='ocrx_word' id='word_1_230' title='bbox 970 1893 1021 1937; x_wconf 69' lang='grc' dir='ltr'><em>σύ</em></span> <span class='ocrx_word' id='word_1_231' title='bbox 1051 1893 1111 1952; x_wconf 72' lang='grc' dir='ltr'>μὴ</span> <span class='ocrx_word' id='word_1_232' title='bbox 1141 1895 1236 1952; x_wconf 71' lang='grc' dir='ltr'>γένῃ</span> <span class='ocrx_word' id='word_1_233' title='bbox 1265 1890 1391 1950; x_wconf 74' lang='grc' dir='ltr'><em>κακήε</em></span> <span class='ocrx_word' id='word_1_234' title='bbox 1430 1895 1548 1937; x_wconf 89' lang='lat' dir='ltr'>modo</span> <span class='ocrx_word' id='word_1_235' title='bbox 1586 1907 1636 1936; x_wconf 89' lang='lat' dir='ltr'>ne</span> <span class='ocrx_word' id='word_1_236' title='bbox 1665 1893 1815 1935; x_wconf 89' lang='lat' dir='ltr'>timida</span> 
     </span>
     <span class='ocr_line' id='line_1_27' title="bbox 281 1962 1813 2019; baseline -0.003 -12"><span class='ocrx_word' id='word_1_237' title='bbox 281 1966 363 2014; x_wconf 79' lang='lat' dir='ltr'>sis3</span> <span class='ocrx_word' id='word_1_238' title='bbox 409 1965 530 2019; x_wconf 89' lang='lat' dir='ltr'>quod,</span> <span class='ocrx_word' id='word_1_239' title='bbox 583 1964 682 2018; x_wconf 87' lang='lat' dir='ltr'>quid</span> <span class='ocrx_word' id='word_1_240' title='bbox 719 1965 795 2006; x_wconf 90' lang='lat' dir='ltr'>sibi</span> <span class='ocrx_word' id='word_1_241' title='bbox 829 1964 939 2013; x_wconf 74' lang='lat' dir='ltr'>velit,</span> <span class='ocrx_word' id='word_1_242' title='bbox 977 1964 1027 2005; x_wconf 89' lang='lat' dir='ltr'>iis</span> <span class='ocrx_word' id='word_1_243' title='bbox 1060 1965 1167 2005; x_wconf 88' lang='lat' dir='ltr'>certe</span> <span class='ocrx_word' id='word_1_244' title='bbox 1198 1964 1419 2005; x_wconf 88' lang='lat' dir='ltr'>obscurum</span> <span class='ocrx_word' id='word_1_245' title='bbox 1451 1963 1540 2012; x_wconf 89' lang='lat' dir='ltr'>erit,</span> <span class='ocrx_word' id='word_1_246' title='bbox 1575 1962 1646 2015; x_wconf 91' lang='lat' dir='ltr'>qui</span> <span class='ocrx_word' id='word_1_247' title='bbox 1678 1963 1813 2002; x_wconf 91' lang='lat' dir='ltr'>totum</span> 
     </span>
     <span class='ocr_line' id='line_1_28' title="bbox 281 2029 1814 2085; baseline -0.003 -11"><span class='ocrx_word' id='word_1_248' title='bbox 281 2034 416 2074; x_wconf 91' lang='lat' dir='ltr'>locum</span> <span class='ocrx_word' id='word_1_249' title='bbox 449 2032 497 2074; x_wconf 85' lang='lat' dir='ltr'>de</span> <span class='ocrx_word' id='word_1_250' title='bbox 525 2033 701 2085; x_wconf 88' lang='lat' dir='ltr'>simplici</span> <span class='ocrx_word' id='word_1_251' title='bbox 725 2031 902 2073; x_wconf 85' lang='lat' dir='ltr'>remedio</span> <span class='ocrx_word' id='word_1_252' title='bbox 932 2031 1190 2084; x_wconf 83' lang='lat' dir='ltr'>intellegant.</span> <span class='ocrx_word' id='word_1_253' title='bbox 1222 2030 1586 2072; x_wconf 85' lang='lat' dir='ltr'>Accommodatior</span> <span class='ocrx_word' id='word_1_254' title='bbox 1613 2029 1814 2082; x_wconf 85' lang='lat' dir='ltr'>interpre-</span> 
     </span>
     <span class='ocr_line' id='line_1_29' title="bbox 282 2096 1814 2151; baseline -0.003 -10"><span class='ocrx_word' id='word_1_255' title='bbox 282 2101 387 2141; x_wconf 86' lang='lat' dir='ltr'>tatio</span> <span class='ocrx_word' id='word_1_256' title='bbox 420 2100 468 2141; x_wconf 91' lang='lat' dir='ltr'>fit</span> <span class='ocrx_word' id='word_1_257' title='bbox 497 2099 788 2141; x_wconf 83' lang='lat' dir='ltr'>fascinationes</span> <span class='ocrx_word' id='word_1_258' title='bbox 824 2098 1105 2147; x_wconf 86' lang='lat' dir='ltr'>subaudienti;</span> <span class='ocrx_word' id='word_1_259' title='bbox 1150 2112 1245 2140; x_wconf 91' lang='lat' dir='ltr'>nam</span> <span class='ocrx_word' id='word_1_260' title='bbox 1285 2098 1443 2151; x_wconf 87' lang='lat' dir='ltr'>aliquid</span> <span class='ocrx_word' id='word_1_261' title='bbox 1481 2097 1713 2138; x_wconf 90' lang='lat' dir='ltr'>audendum</span> <span class='ocrx_word' id='word_1_262' title='bbox 1750 2096 1814 2138; x_wconf 89' lang='lat' dir='ltr'>vi-</span> 
     </span>
     <span class='ocr_line' id='line_1_30' title="bbox 285 2164 1814 2219; baseline -0.002 -11"><span class='ocrx_word' id='word_1_263' title='bbox 285 2167 402 2209; x_wconf 89' lang='lat' dir='ltr'>detur</span> <span class='ocrx_word' id='word_1_264' title='bbox 425 2169 476 2219; x_wconf 90' lang='lat' dir='ltr'>et,</span> <span class='ocrx_word' id='word_1_265' title='bbox 508 2167 551 2208; x_wconf 92' lang='lat' dir='ltr'>ni</span> <span class='ocrx_word' id='word_1_266' title='bbox 567 2167 700 2216; x_wconf 82' lang='lat' dir='ltr'>fallor,</span> <span class='ocrx_word' id='word_1_267' title='bbox 733 2167 832 2208; x_wconf 90' lang='lat' dir='ltr'>satis</span> <span class='ocrx_word' id='word_1_268' title='bbox 862 2167 1154 2219; x_wconf 86' lang='lat' dir='ltr'>circumspecte</span> <span class='ocrx_word' id='word_1_269' title='bbox 1176 2167 1295 2219; x_wconf 86' lang='lat' dir='ltr'>poeta</span> <span class='ocrx_word' id='word_1_270' title='bbox 1317 2165 1489 2206; x_wconf 88' lang='lat' dir='ltr'>nutricis</span> <span class='ocrx_word' id='word_1_271' title='bbox 1511 2164 1689 2206; x_wconf 85' lang='lat' dir='ltr'>fallaciis</span> <span class='ocrx_word' id='word_1_272' title='bbox 1714 2164 1814 2205; x_wconf 89' lang='lat' dir='ltr'>haec</span> 
     </span>
    </p>
   </div>
   <div class='ocr_carea' id='block_1_3' title="bbox 286 2280 550 2286">
    <p class='ocr_par' dir='ltr' id='par_1_4' title="bbox 286 2280 550 2286">
     <span class='ocr_line' id='line_1_31' title="bbox 286 2280 550 2286; baseline 0 0"><span class='ocrx_word' id='word_1_273' title='bbox 286 2280 550 2286; x_wconf 95' lang='lat' dir='ltr'> </span> 
     </span>
    </p>
   </div>
   <div class='ocr_carea' id='block_1_4' title="bbox 283 2328 1813 2905">
    <p class='ocr_par' dir='ltr' id='par_1_5' title="bbox 283 2328 1813 2731">
     <span class='ocr_line' id='line_1_32' title="bbox 284 2328 1812 2375; baseline -0.002 -11"><span class='ocrx_word' id='word_1_274' title='bbox 284 2334 416 2375; x_wconf 88' lang='lat' dir='ltr'>poetae</span> <span class='ocrx_word' id='word_1_275' title='bbox 442 2329 651 2374; x_wconf 84' lang='lat' dir='ltr'>fragmento</span> <span class='ocrx_word' id='word_1_276' title='bbox 679 2331 698 2363; x_wconf 86' lang='lat'>3</span> <span class='ocrx_word' id='word_1_277' title='bbox 727 2341 761 2374; x_wconf 91' lang='lat' dir='ltr'>p.</span> <span class='ocrx_word' id='word_1_278' title='bbox 790 2330 834 2363; x_wconf 81' lang='lat'>49</span> <span class='ocrx_word' id='word_1_279' title='bbox 860 2329 1000 2364; x_wconf 62' lang='lat' dir='ltr'>⁷Weich.</span> <span class='ocrx_word' id='word_1_280' title='bbox 1029 2329 1249 2373; x_wconf 84' lang='lat' dir='ltr'>Expellendi</span> <span class='ocrx_word' id='word_1_281' title='bbox 1278 2332 1314 2363; x_wconf 84' lang='lat' dir='ltr'>et</span> <span class='ocrx_word' id='word_1_282' title='bbox 1337 2329 1493 2374; x_wconf 87' lang='lat' dir='ltr'>fugandi</span> <span class='ocrx_word' id='word_1_283' title='bbox 1519 2328 1708 2363; x_wconf 89' lang='lat' dir='ltr'>notionem</span> <span class='ocrx_word' id='word_1_284' title='bbox 1735 2338 1812 2362; x_wconf 84' lang='lat' dir='ltr'>sae-</span> 
     </span>
     <span class='ocr_line' id='line_1_33' title="bbox 283 2387 1810 2434; baseline -0.002 -11"><span class='ocrx_word' id='word_1_285' title='bbox 283 2389 366 2434; x_wconf 89' lang='lat' dir='ltr'>pius</span> <span class='ocrx_word' id='word_1_286' title='bbox 392 2389 538 2423; x_wconf 85' lang='lat' dir='ltr'>subesse</span> <span class='ocrx_word' id='word_1_287' title='bbox 565 2389 742 2423; x_wconf 86' lang='lat' dir='ltr'>concludo</span> <span class='ocrx_word' id='word_1_288' title='bbox 769 2400 813 2422; x_wconf 82' lang='lat' dir='ltr'>ex</span> <span class='ocrx_word' id='word_1_289' title='bbox 839 2388 945 2422; x_wconf 83' lang='lat' dir='ltr'>Pind.</span> <span class='ocrx_word' id='word_1_290' title='bbox 974 2388 1029 2422; x_wconf 90' lang='lat' dir='ltr'>Ol.</span> <span class='ocrx_word' id='word_1_291' title='bbox 1056 2388 1155 2423; x_wconf 80' lang='lat' dir='ltr'>XIII,</span> <span class='ocrx_word' id='word_1_292' title='bbox 1184 2389 1227 2422; x_wconf 78' lang='lat'>68</span> <span class='ocrx_word' id='word_1_293' title='bbox 1251 2389 1343 2433; x_wconf 80' lang='lat'>(95):</span> <span class='ocrx_word' id='word_1_294' title='bbox 1380 2390 1532 2434; x_wconf 69' lang='grc' dir='ltr'><em>φίλτρον</em></span> <span class='ocrx_word' id='word_1_295' title='bbox 1556 2390 1706 2421; x_wconf 77' lang='grc' dir='ltr'>ἵππειον</span> <span class='ocrx_word' id='word_1_296' title='bbox 1731 2387 1753 2420; x_wconf 92' lang='lat' dir='ltr'>i.</span> <span class='ocrx_word' id='word_1_297' title='bbox 1781 2397 1810 2420; x_wconf 85' lang='lat' dir='ltr'>e.</span> 
     </span>
     <span class='ocr_line' id='line_1_34' title="bbox 286 2445 1812 2491; baseline -0.002 -9"><span class='ocrx_word' id='word_1_298' title='bbox 286 2448 442 2490; x_wconf 88' lang='lat' dir='ltr'>frenum,</span> <span class='ocrx_word' id='word_1_299' title='bbox 470 2446 568 2490; x_wconf 87' lang='lat' dir='ltr'>quod</span> <span class='ocrx_word' id='word_1_300' title='bbox 594 2457 728 2489; x_wconf 91' lang='lat' dir='ltr'>equum</span> <span class='ocrx_word' id='word_1_301' title='bbox 754 2446 915 2480; x_wconf 88' lang='lat' dir='ltr'>deleniat</span> <span class='ocrx_word' id='word_1_302' title='bbox 941 2450 977 2480; x_wconf 92' lang='lat' dir='ltr'>et</span> <span class='ocrx_word' id='word_1_303' title='bbox 1002 2446 1166 2480; x_wconf 82' lang='lat' dir='ltr'>furorem</span> <span class='ocrx_word' id='word_1_304' title='bbox 1192 2447 1348 2491; x_wconf 83' lang='lat' dir='ltr'>mitiget.</span> <span class='ocrx_word' id='word_1_305' title='bbox 1400 2445 1547 2490; x_wconf 86' lang='lat' dir='ltr'>Ecquid</span> <span class='ocrx_word' id='word_1_306' title='bbox 1575 2445 1619 2479; x_wconf 89' lang='lat' dir='ltr'>de</span> <span class='ocrx_word' id='word_1_307' title='bbox 1651 2445 1812 2490; x_wconf 83' lang='lat' dir='ltr'>genuina</span> 
     </span>
     <span class='ocr_line' id='line_1_35' title="bbox 286 2504 1812 2550; baseline -0.003 -9"><span class='ocrx_word' id='word_1_308' title='bbox 286 2505 525 2541; x_wconf 88' lang='lat' dir='ltr'>delenimenti</span> <span class='ocrx_word' id='word_1_309' title='bbox 550 2504 821 2550; x_wconf 84' lang='lat' dir='ltr'>significatione</span> <span class='ocrx_word' id='word_1_310' title='bbox 848 2509 1025 2550; x_wconf 86' lang='lat' dir='ltr'>superest,</span> <span class='ocrx_word' id='word_1_311' title='bbox 1066 2505 1164 2549; x_wconf 86' lang='lat' dir='ltr'>quod</span> <span class='ocrx_word' id='word_1_312' title='bbox 1203 2517 1366 2540; x_wconf 87' lang='lat' dir='ltr'>amorem</span> <span class='ocrx_word' id='word_1_313' title='bbox 1402 2505 1564 2539; x_wconf 78' lang='lat' dir='ltr'>excitet?</span> <span class='ocrx_word' id='word_1_314' title='bbox 1606 2524 1647 2528; x_wconf 97' lang='lat'><strong>—</strong></span> <span class='ocrx_word' id='word_1_315' title='bbox 1687 2505 1812 2547; x_wconf 86' lang='lat' dir='ltr'>Atque</span> 
     </span>
     <span class='ocr_line' id='line_1_36' title="bbox 286 2563 1812 2609; baseline -0.003 -8"><span class='ocrx_word' id='word_1_316' title='bbox 286 2566 412 2601; x_wconf 89' lang='lat' dir='ltr'>eodem</span> <span class='ocrx_word' id='word_1_317' title='bbox 439 2577 545 2599; x_wconf 89' lang='lat' dir='ltr'>sensu</span> <span class='ocrx_word' id='word_1_318' title='bbox 572 2564 711 2608; x_wconf 86' lang='lat' dir='ltr'>accipio</span> <span class='ocrx_word' id='word_1_319' title='bbox 738 2564 854 2609; x_wconf 74' lang='grc' dir='ltr'><em>φίλτρ’</em></span> <span class='ocrx_word' id='word_1_320' title='bbox 881 2565 1037 2608; x_wconf 70' lang='grc' dir='ltr'><em>ἐπῳδῶν</em></span> <span class='ocrx_word' id='word_1_321' title='bbox 1061 2565 1151 2598; x_wconf 87' lang='lat' dir='ltr'>Eur.</span> <span class='ocrx_word' id='word_1_322' title='bbox 1178 2565 1314 2599; x_wconf 86' lang='lat' dir='ltr'>Phoen.</span> <span class='ocrx_word' id='word_1_323' title='bbox 1343 2566 1446 2607; x_wconf 79' lang='lat'>1260,</span> <span class='ocrx_word' id='word_1_324' title='bbox 1476 2564 1608 2608; x_wconf 88' lang='lat' dir='ltr'>quibus</span> <span class='ocrx_word' id='word_1_325' title='bbox 1635 2563 1812 2596; x_wconf 88' lang='lat' dir='ltr'>nimirum</span> 
     </span>
     <span class='ocr_line' id='line_1_37' title="bbox 287 2619 1813 2668; baseline -0.004 -8"><span class='ocrx_word' id='word_1_326' title='bbox 287 2626 445 2660; x_wconf 82' lang='lat' dir='ltr'>fratrum</span> <span class='ocrx_word' id='word_1_327' title='bbox 473 2625 528 2658; x_wconf 91' lang='lat' dir='ltr'>ira</span> <span class='ocrx_word' id='word_1_328' title='bbox 553 2623 700 2658; x_wconf 85' lang='lat' dir='ltr'>sedetur</span> <span class='ocrx_word' id='word_1_329' title='bbox 726 2623 960 2668; x_wconf 86' lang='lat' dir='ltr'>fugeturque.</span> <span class='ocrx_word' id='word_1_330' title='bbox 1013 2623 1217 2658; x_wconf 86' lang='lat' dir='ltr'>Scholiasta</span> <span class='ocrx_word' id='word_1_331' title='bbox 1259 2627 1426 2659; x_wconf 85' lang='lat' dir='ltr'>contorte</span> <span class='ocrx_word' id='word_1_332' title='bbox 1464 2623 1606 2667; x_wconf 87' lang='lat' dir='ltr'>philtra</span> <span class='ocrx_word' id='word_1_333' title='bbox 1641 2619 1720 2656; x_wconf 78' lang='grc' dir='ltr'><em>ἀντὶ</em></span> <span class='ocrx_word' id='word_1_334' title='bbox 1751 2621 1813 2654; x_wconf 81' lang='grc' dir='ltr'><em>τοῦ</em></span> 
     </span>
     <span class='ocr_line' id='line_1_38' title="bbox 287 2682 1223 2731; baseline -0.001 -14"><span class='ocrx_word' id='word_1_335' title='bbox 287 2685 408 2731; x_wconf 75' lang='grc' dir='ltr'><strong><em>φιλίας</em></strong></span> <span class='ocrx_word' id='word_1_336' title='bbox 432 2684 682 2727; x_wconf 84' lang='lat' dir='ltr'>interpretans</span> <span class='ocrx_word' id='word_1_337' title='bbox 708 2683 894 2728; x_wconf 84' lang='lat' dir='ltr'>intellegit</span> <span class='ocrx_word' id='word_1_338' title='bbox 921 2682 1066 2728; x_wconf 70' lang='grc' dir='ltr'><em>ἐπῳδὰς</em></span> <span class='ocrx_word' id='word_1_339' title='bbox 1092 2685 1223 2728; x_wconf 49' lang='grc' dir='ltr'>(φιλίας.</span> 
     </span>
    </p>

    <p class='ocr_par' dir='ltr' id='par_1_6' title="bbox 287 2740 1811 2905">
     <span class='ocr_line' id='line_1_39' title="bbox 422 2740 1811 2786; baseline -0.002 -11"><span class='ocrx_word' id='word_1_340' title='bbox 422 2742 433 2761; x_wconf 83' lang='lat'><em>¹</em></span> <span class='ocrx_word' id='word_1_341' title='bbox 461 2741 512 2776; x_wconf 89' lang='lat' dir='ltr'>Cf.</span> <span class='ocrx_word' id='word_1_342' title='bbox 540 2741 650 2775; x_wconf 87' lang='lat' dir='ltr'>Anth.</span> <span class='ocrx_word' id='word_1_343' title='bbox 677 2741 755 2776; x_wconf 89' lang='lat' dir='ltr'>Pal.</span> <span class='ocrx_word' id='word_1_344' title='bbox 783 2741 822 2775; x_wconf 88' lang='lat' dir='ltr'>V.</span> <span class='ocrx_word' id='word_1_345' title='bbox 849 2743 930 2776; x_wconf 85' lang='lat'>291.</span> <span class='ocrx_word' id='word_1_346' title='bbox 957 2742 1125 2786; x_wconf 83' lang='lat' dir='ltr'>Xenoph.</span> <span class='ocrx_word' id='word_1_347' title='bbox 1151 2742 1284 2786; x_wconf 85' lang='lat' dir='ltr'>Ephes.</span> <span class='ocrx_word' id='word_1_348' title='bbox 1313 2741 1378 2774; x_wconf 89' lang='lat' dir='ltr'>III.</span> <span class='ocrx_word' id='word_1_349' title='bbox 1409 2743 1459 2774; x_wconf 79' lang='lat'>12.</span> <span class='ocrx_word' id='word_1_350' title='bbox 1488 2740 1613 2775; x_wconf 88' lang='lat' dir='ltr'>Parth.</span> <span class='ocrx_word' id='word_1_351' title='bbox 1635 2742 1726 2774; x_wconf 87' lang='lat' dir='ltr'>erot.</span> <span class='ocrx_word' id='word_1_352' title='bbox 1749 2740 1811 2772; x_wconf 90' lang='lat'>17:</span> 
     </span>
     <span class='ocr_line' id='line_1_40' title="bbox 287 2791 1811 2846; baseline -0.004 -9"><span class='ocrx_word' id='word_1_353' title='bbox 287 2801 483 2837; x_wconf 86' lang='lat' dir='ltr'>Periandri</span> <span class='ocrx_word' id='word_1_354' title='bbox 508 2804 627 2834; x_wconf 86' lang='lat' dir='ltr'>mater</span> <span class='ocrx_word' id='word_1_355' title='bbox 654 2800 773 2835; x_wconf 89' lang='lat' dir='ltr'>filium</span> <span class='ocrx_word' id='word_1_356' title='bbox 798 2805 915 2835; x_wconf 82' lang='lat' dir='ltr'>amat:</span> <span class='ocrx_word' id='word_1_357' title='bbox 943 2804 1002 2834; x_wconf 80' lang='grc' dir='ltr'>καὶ</span> <span class='ocrx_word' id='word_1_358' title='bbox 1028 2804 1194 2846; x_wconf 71' lang='grc' dir='ltr'>κατέχειν</span> <span class='ocrx_word' id='word_1_359' title='bbox 1221 2799 1285 2841; x_wconf 77' lang='grc' dir='ltr'>τὴν</span> <span class='ocrx_word' id='word_1_360' title='bbox 1310 2796 1423 2833; x_wconf 79' lang='grc' dir='ltr'><em>νόσον</em></span> <span class='ocrx_word' id='word_1_361' title='bbox 1447 2796 1511 2832; x_wconf 81' lang='grc' dir='ltr'><em>οὐκ</em></span> <span class='ocrx_word' id='word_1_362' title='bbox 1535 2800 1582 2833; x_wconf 76' lang='grc' dir='ltr'>ἔτι</span> <span class='ocrx_word' id='word_1_363' title='bbox 1610 2801 1667 2832; x_wconf 81' lang='grc' dir='ltr'><em>οἵα</em></span> <span class='ocrx_word' id='word_1_364' title='bbox 1694 2809 1731 2831; x_wconf 83' lang='grc' dir='ltr'>τε</span> <span class='ocrx_word' id='word_1_365' title='bbox 1757 2791 1811 2841; x_wconf 84' lang='grc' dir='ltr'>ἦν,</span> 
     </span>
     <span class='ocr_line' id='line_1_41' title="bbox 287 2855 1688 2905; baseline -0.004 -10"><span class='ocrx_word' id='word_1_366' title='bbox 287 2860 353 2899; x_wconf 81' lang='grc' dir='ltr'>ἕως</span> <span class='ocrx_word' id='word_1_367' title='bbox 378 2855 667 2905; x_wconf 75' lang='grc' dir='ltr'><em>ἄποτολμῆσασα</em></span> <span class='ocrx_word' id='word_1_368' title='bbox 693 2862 887 2904; x_wconf 76' lang='grc' dir='ltr'><em>προςφέρει</em></span> <span class='ocrx_word' id='word_1_369' title='bbox 915 2855 1043 2903; x_wconf 74' lang='grc' dir='ltr'><em>λόγους</em></span> <span class='ocrx_word' id='word_1_370' title='bbox 1067 2859 1115 2903; x_wconf 78' lang='grc' dir='ltr'>τῷ</span> <span class='ocrx_word' id='word_1_371' title='bbox 1141 2859 1256 2892; x_wconf 78' lang='grc' dir='ltr'><em>παιδί.</em></span> <span class='ocrx_word' id='word_1_372' title='bbox 1686 2859 1688 2861; x_wconf 70' lang='grc'>’</span> 
     </span>
    </p>
   </div>
  </div>
 </body>
</html>
