1912 3310
844 203 909 236 107

114 319 350 372 goediam1,
397 318 640 372 Lycophron
676 316 841 369 scripsit
870 315 1156 368 Hippolytum,
1205 315 1253 354 ut
1288 327 1412 366 supra
1453 312 1640 358 mouui²;

113 399 224 427 mera
273 386 508 426 coniectura
558 387 619 426 est
666 383 842 437 Byblida
886 383 927 422 in
980 393 1170 423 scaenam
1221 381 1464 434 productam
1515 381 1638 420 esse-³.

115 454 250 506 Atque
301 452 400 493 adeo
445 465 494 493 ne
539 451 668 492 ullum
715 450 880 504 quidem
927 448 1164 489 recentioris
1212 447 1303 488 aevi
1355 445 1637 487 testimonium

114 519 382 561 Alexandrini
413 519 603 561 cothurni
633 516 875 560 auctoritati
906 515 1179 568 suffragatur:
1217 513 1326 567 quod
1358 513 1489 554 altum
1520 512 1641 552 silen-

113 587 219 628 tium
250 586 447 628 disertius
474 586 582 627 certe
610 585 807 638 loquitur,
835 596 959 636 quam
990 595 1128 623 omnes
1158 580 1385 622 rumusculi
1403 578 1642 632 opinabiles.

113 653 180 695 Ad
222 658 429 695 summam
470 652 602 705 igitur
646 652 675 691 ii
713 651 789 691 viri
837 650 965 699 docti,
1012 649 1082 702 qui
1131 648 1296 689 omnino
1343 645 1643 688 Alexandrinas

113 719 348 773 tragoedias
384 731 494 760 mera
529 718 762 759 hemerobia
795 718 918 759 fuisse
949 729 996 758 ac
1029 729 1077 757 ne
1108 728 1236 768 usque
1266 714 1318 756 ad
1350 725 1520 755 auream
1552 711 1644 765 qui-

115 787 207 829 dem
237 786 472 827 litterarum
494 786 775 826 Romanarum
799 786 978 826 aetatem
1011 783 1178 825 durasse
1207 781 1363 835 opinati
1394 781 1491 821 sunt
1503 782 1531 833 4,
1560 779 1644 821 uti-

115 866 192 907 que
221 853 544 906 adstipulantem
578 865 641 894 me
671 852 836 894 habent.

245 919 326 961 Sed
358 922 530 972 quaerat
567 919 771 972 quispiam
805 919 879 959 1100
910 917 1011 966 loco,
1057 929 1154 957 num
1186 917 1335 957 saltem
1365 914 1416 956 ad
1462 914 1646 955 excolen-

116 987 212 1028 dum
257 986 414 1040 grande
459 985 666 1039 quoddam
711 985 871 1026 dicendi
908 997 1049 1037 genus,
1099 983 1291 1024 subtilem
1327 980 1646 1034 argumentandi

116 1055 331 1103 rationem,
377 1053 675 1094 sententiarum
709 1053 963 1106 splendorem
995 1051 1258 1099 rhetoricum,
1292 1049 1439 1102 quibus
1471 1047 1647 1089 maxime

117 1122 289 1165 Ovidius
330 1120 570 1174 delectatur,
618 1122 778 1173 praeter
822 1120 1031 1161 rhetorum
1077 1117 1338 1170 disciplinam
1387 1115 1646 1168 tragoediam

117 1188 292 1231 alicuius
341 1187 538 1229 momenti
586 1187 711 1228 fuisse
750 1199 842 1227 cum
874 1186 1034 1228 Rohdio
1069 1184 1114 1238 (l.
1148 1185 1173 1226 1.
1206 1197 1242 1236 p.
1280 1184 1374 1234 128)
1406 1183 1646 1223 sumamus?

119 1255 236 1309 Quod
267 1254 453 1308 equidem
497 1267 594 1295 sane
635 1253 884 1295 obstinatius
920 1266 1000 1294 11011
1042 1251 1246 1307 negarim3
1294 1261 1531 1303 quanquam
1578 1248 1648 1302 qui

118 1324 226 1364 hanc
255 1321 416 1363 dicendi
447 1322 738 1374 proprietatem
772 1320 1064 1361 Alexandrinis
1097 1318 1296 1372 poematis
1328 1317 1493 1358 omnino
1529 1316 1650 1357 abro-

118 1392 213 1444 gat,
257 1389 558 1431 inconsiderate
602 1389 731 1442 agit5.
791 1391 930 1430 Unum
964 1386 1256 1439 gravissimum
1298 1386 1421 1438 atque
1460 1383 1502 1424 id
1540 1382 1648 1436 apud

256 1583 265 1602 ¹
293 1582 405 1616 Trist.
432 1581 479 1625 Π,
506 1581 585 1615 393.
626 1580 795 1615 Ceterum
829 1579 951 1614 nescio
988 1591 1034 1613 an
1062 1578 1216 1612 Ovidius
1245 1576 1525 1621 tragoediarum
1558 1574 1650 1609 hanc

120 1641 437 1677 enumerationem
462 1651 563 1674 mero
583 1639 752 1683 catalogo
771 1650 856 1672 usus
877 1637 1130 1682 compleverit,
1158 1637 1216 1671 0111
1234 1636 1411 1670 nimirum
1431 1637 1652 1679 argumenta

119 1701 285 1735 breviter
311 1703 485 1735 enarrata
510 1700 654 1733 intexta
680 1702 798 1739 erant,
838 1710 910 1742 quo
938 1698 1048 1731 Birtii
1081 1697 1267 1731 dubitatio
1305 1697 1341 1740 (l.
1368 1696 1390 1730 l.
1417 1708 1451 1740 p.
1479 1696 1562 1740 400)
1599 1695 1650 1728 in-

120 1760 310 1805 fringitur.
361 1761 414 1793 At
439 1758 599 1803 Byblida
627 1761 664 1792 et
691 1757 883 1801 Myrrham
909 1760 1017 1801 poeta
1044 1768 1090 1790 ne
1116 1756 1283 1790 nominat
1312 1755 1470 1799 quidem.

255 1819 268 1838 ²
293 1818 332 1852 P.
360 1818 414 1852 67.
442 1820 473 1852 3.
502 1838 545 1841 —
573 1817 704 1852 Rohde
730 1817 769 1861 (l.
797 1817 819 1850 l.
846 1828 882 1860 p.
910 1817 965 1850 36.
984 1817 1019 1859 6)
1047 1816 1133 1850 111110
1158 1814 1373 1859 tragoediae
1400 1813 1649 1847 inventionem

121 1877 312 1922 epistulae,
352 1889 425 1922 qua
455 1877 623 1911 Phaedra
658 1877 791 1919 utitur,
835 1876 991 1909 fortasse
1031 1873 1290 1919 assignandam
1330 1884 1406 1907 esse
1441 1871 1652 1906 existumat.

123 1936 296 1970 Demiror
331 1937 407 1970 tale
445 1935 634 1981 effugium,
676 1935 851 1979 quoniam
878 1934 1021 1978 reliqua
1049 1932 1388 1967 Alexandrinorum
1415 1930 1547 1975 poesis,
1580 1941 1653 1973 qua

123 1995 230 2029 unice
257 1995 404 2029 laudem
430 1995 500 2029 sibi
532 1997 760 2039 pepererunt
787 1997 823 2027 et
853 1993 1055 2037 plurimum
1095 1991 1294 2025 valuerunt
1334 1990 1431 2034 apud
1473 1992 1654 2033 post-eros,

123 2057 255 2098 sponte
279 2066 317 2088 se
343 2053 463 2088 offert.
513 2054 568 2088 De
595 2065 667 2097 qua
693 2065 733 2087 re
759 2053 845 2086 nolo
872 2055 1053 2096 repetere,
1094 2061 1186 2094 quae
1213 2053 1297 2084 ante
1325 2048 1460 2093 passim
1489 2047 1652 2091 exposui.

122 2112 240 2147 Taceo
265 2112 309 2147 de
335 2112 532 2148 Schmidtii
558 2112 804 2146 hariolatione
833 2111 960 2152 (Arch.
990 2110 1072 2155 Ztg.
1104 2110 1194 2142 1847
1220 2120 1256 2152 p.
1284 2110 1358 2151 65),
1387 2107 1449 2151 qui
1477 2107 1514 2140 in
1540 2106 1654 2150 Lyco-

121 2171 276 2215 phronis
303 2171 432 2206 fabula
458 2171 616 2205 Senecae
643 2174 680 2205 et
706 2170 833 2204 Ovidii
859 2169 1048 2213 exemplar
1075 2168 1257 2202 detexisse
1287 2167 1356 2201 sibi
1384 2167 1484 2200 visus
1510 2169 1574 2199 est.

257 2230 271 2250 ³
298 2230 352 2264 Cf.
390 2229 542 2273 Dilthey
574 2229 644 2263 Rh.
683 2229 776 2263 Mus.
818 2228 919 2262 XXV
958 2240 993 2272 p.
1037 2228 1115 2261 155.
1155 2229 1182 2260 1.
1248 2226 1379 2260 Rohde
1411 2226 1435 2259 l.
1462 2225 1484 2258 l.
1530 2235 1564 2268 p.
1598 2224 1654 2258 36.

123 2290 180 2324 95.
215 2291 242 2322 1.
281 2307 328 2312 —
364 2287 555 2333 Caligulae
581 2287 810 2332 temporibus
842 2287 969 2321 fabula
998 2286 1150 2329 Cinyras
1188 2285 1298 2319 docta
1333 2288 1398 2322 est,
1438 2295 1531 2328 quae
1558 2283 1655 2327 Myr-

123 2348 214 2382 rhae
245 2347 324 2382 fata
355 2347 570 2381 illustrabat
609 2350 760 2381 auctore
792 2346 922 2380 Flavio
956 2345 1112 2389 Iosepho
1155 2344 1280 2378 (Arch.
1317 2343 1417 2385 XIX,
1450 2346 1478 2377 1.
1509 2344 1569 2386 133
1609 2342 1655 2377 ef.

124 2406 224 2441 Suet.
251 2406 367 2451 Calig.
394 2407 449 2440 57.
499 2406 673 2440 YVelcker
705 2406 728 2439 1.
755 2406 777 2439 l.
811 2417 845 2449 p.
877 2405 966 2438 1226
993 2406 1073 2448 sq.l.
1119 2423 1159 2426 —
1200 2402 1331 2436 Rohde.
1365 2402 1387 2435 l.
1416 2402 1438 2435 l.
1476 2413 1510 2446 p.
1539 2403 1583 2435 36
1609 2401 1655 2435 ad

124 2465 278 2500 eandem
318 2465 512 2499 materiam
550 2464 753 2499 Ptolemaei
792 2463 1044 2507 Philopatoris
1084 2462 1254 2495 Adonem
1291 2460 1477 2504 (Welcker
1510 2461 1533 2494 l.
1560 2461 1584 2494 1.
1618 2472 1653 2504 p.

129 2525 218 2559 1269
243 2523 312 2568 sq.)
338 2523 570 2558 referendam
597 2535 673 2557 esse
700 2523 919 2565 existumat3
946 2533 1021 2555 non
1047 2520 1155 2554 video
1182 2531 1254 2564 quo
1281 2519 1371 2553 iure.

259 2585 273 2603 ⁴
299 2583 352 2617 Cf.
380 2583 523 2617 Robert
549 2582 660 2616 Arch.
686 2582 766 2626 Ztg.
800 2582 888 2614 1378
918 2592 956 2624 p.
988 2581 1041 2614 16.
1070 2579 1143 2613 Leo
1169 2579 1192 2612 l.
1220 2579 1243 2612 l.
1269 2590 1305 2622 p.
1326 2579 1404 2612 165.
1423 2598 1464 2602 -—
1485 2578 1656 2612 Ceterum

127 2653 226 2683 cave,
251 2653 298 2676 ne
324 2642 552 2686 pantomimo
579 2642 675 2675 iusto
704 2641 787 2685 plus
803 2640 958 2682 tribuas,
987 2651 1094 2683 quem
1113 2649 1203 2683 prae
1222 2638 1353 2672 ceteris
1372 2637 1534 2682 tragicos
1552 2637 1656 2682 ignes

127 2703 293 2734 secutum
318 2712 394 2735 esse
419 2700 602 2735 Lucianus
628 2700 672 2734 de
700 2700 790 2734 Salt.
818 2699 860 2732 61
889 2701 1059 2732 testatur.

263 2760 277 2778 5
304 2758 358 2793 Cf.
383 2758 514 2793 Rohde
540 2759 561 2792 l.
588 2759 613 2792 l.
651 2778 694 2782 —
735 2758 817 2792 Non
851 2757 986 2791 attinet
1019 2755 1178 2799 exempli
1210 2755 1334 2800 gratia
1366 2754 1541 2789 Ovidium
1575 2766 1657 2788 cum

129 2817 327 2852 Theocrito
356 2829 586 2862 componere,
627 2817 691 2861 qui
717 2820 804 2851 ante
829 2827 956 2850 omnes
982 2818 1059 2849 tam
1091 2814 1252 2858 simplici
1283 2825 1324 2848 ac
1355 2814 1484 2848 nativa
1510 2813 1657 2847 dicendi

129 2876 274 2911 ratione
311 2876 460 2921 eminet,
499 2879 540 2910 ut
574 2887 691 2921 paene
726 2875 844 2920 ipsam
877 2878 1050 2909 naturam
1083 2873 1291 2918 exprimere
1323 2872 1504 2907 videatur.
1555 2872 1658 2908 Inter
