1912 3310
859 178 880 212 9

105 295 236 348 igitur
266 305 310 335 eo
344 293 559 346 praecipue
589 294 769 345 tempore
800 292 971 333 fortasse
1001 291 1122 332 huius
1151 289 1376 331 sacerdotis
1407 290 1447 331 et
1469 287 1632 330 Sabazii

107 362 394 415 mysteriorum
427 361 675 403 auctoritate
706 359 881 401 Athenis
919 371 1006 400 mos
1043 358 1290 412 philtrorum
1331 356 1631 398 miscendorum

106 442 156 470 ne
178 429 313 470 dicam
344 429 458 470 ortus
489 441 583 478 esse,
615 428 684 469 sed
713 427 936 468 effloruisse
963 427 1003 467 et
1033 425 1277 475 invaluisse,
1323 424 1472 477 quibus
1515 422 1632 463 rebus

107 495 346 548 Euripidem
376 496 628 536 commotum
660 507 755 547 esse,
784 496 830 534 ut
861 494 1092 535 Phaedram
1122 493 1165 534 in
1196 492 1329 545 priore
1359 491 1500 532 fabula
1520 489 1634 542 cupi-

107 561 252 604 ditatis
281 562 496 603 lasciviam
533 554 702 602 minime
742 561 1077 613 comprimentem
1123 558 1463 601 fascinationibus
1496 556 1634 597 indul-

106 634 271 683 gentem
298 629 452 678 fecerit,
494 641 620 681 prona
652 628 828 680 suspicio
858 628 928 668 est.
991 627 1037 668 In
1081 640 1162 680 qua
1200 626 1509 679 acquiescerem,
1555 622 1635 664 nisi

108 696 160 738 ab
189 707 271 737 uua
300 695 463 748 quidem
494 696 609 748 parte
639 694 720 735 levi
752 694 1003 735 dubitationi
1035 694 1207 735 obnoxia
1237 694 1353 734 esset.
1413 691 1471 733 Ut
1499 690 1634 732 brevis

107 763 197 813 sim,
238 761 326 803 fieri
356 762 503 814 potuit,
545 763 591 802 ut
621 761 832 814 Sophoclis
864 762 1092 802 auctoritas
1151 761 1193 801 in
1235 761 1311 801 hac
1351 772 1392 800 re
1431 771 1510 799 non
1548 757 1635 798 sine

107 830 314 871 momento
360 831 485 878 esset3
540 829 609 870 ille
654 828 760 869 enim
806 829 847 868 in
893 828 1124 869 Trachiniis
1170 840 1207 869 v.
1246 827 1327 867 584
1374 839 1432 878 sq.
1476 825 1634 878 primus

108 896 305 946 omnium,
356 898 558 949 quantum
605 896 734 948 video,
784 895 938 948 philtra
983 895 1065 937 alia
1109 895 1181 936 illa
1230 893 1392 947 quidem
1436 892 1597 933 exhibet
1613 893 1635 944 ¹,

107 964 256 1018 quibus
300 963 494 1005 Deianira
543 963 762 1005 Herculem
807 963 984 1004 delenire
1030 963 1180 1004 studet.
1260 961 1354 1003 Iure
1400 960 1539 1001 autem
1585 958 1636 1000 ad

109 1031 350 1072 Trachinias
391 1031 603 1084 provocari
640 1031 785 1083 potest,
832 1030 1033 1083 siquidem
1065 1031 1108 1070 in
1139 1029 1363 1082 Hippolyto
1397 1026 1633 1069 Coronifero

109 1099 217 1140 certe
253 1110 334 1139 non
363 1098 522 1148 desunt,
565 1099 713 1151 quibus
747 1097 962 1150 Euripides
994 1109 1034 1138 se
1065 1098 1337 1150 spectatorem
1375 1098 1415 1136 et
1454 1093 1636 1135 aemula-

107 1160 238 1206 torem
269 1164 516 1218 Sophocleae
547 1164 711 1206 fabulae
741 1167 932 1218 praestet.
987 1164 1103 1216 Quod
1133 1163 1271 1217 paullo
1304 1161 1538 1204 accuratius
1571 1173 1637 1202 ex—

108 1244 254 1286 ponere
281 1245 381 1285 opus
412 1235 484 1273 est.

242 1300 291 1341 In
321 1299 400 1341 fine
429 1299 560 1353 igitur
591 1300 806 1353 utriusque
843 1299 1005 1341 fabulae
1035 1300 1154 1340 heros
1187 1297 1424 1339 vulneratus
1454 1295 1496 1336 in
1526 1306 1638 1336 scae-

110 1379 206 1408 nam
238 1366 458 1408 adducitur
487 1367 784 1409 lamentatione
815 1379 862 1408 ac
892 1367 1089 1419 plangore
1120 1378 1207 1406 eam
1241 1363 1483 1416 complens2.
1553 1361 1637 1402 Ad-

112 1434 304 1476 hortatur
348 1435 530 1486 comites,
569 1447 617 1475 ne
657 1435 823 1475 incaute
863 1446 910 1474 ac
947 1435 1098 1474 temere
1140 1433 1321 1473 lacerato
1354 1442 1519 1482 corpore
1550 1441 1639 1481 pre-

109 1501 322 1543 hendendo
353 1501 534 1542 dolorem
570 1501 745 1543 excitent
782 1501 845 1551 (E.
892 1501 997 1542 1358
1040 1499 1089 1540 cf.
1129 1512 1165 1540 v.
1201 1499 1318 1547 1361,
1361 1497 1400 1539 S.
1436 1497 1540 1538 1007
1579 1508 1638 1548 sq.

112 1568 249 1619 1025).
318 1569 480 1610 Interea
526 1568 678 1609 flebiles
725 1570 892 1621 questus
934 1567 982 1608 de
1020 1568 1104 1608 acri
1145 1566 1297 1607 doloris
1336 1576 1474 1606 morsu
1513 1563 1639 1604 edunt

111 1635 177 1686 (E.
211 1636 331 1683 1371,
364 1634 404 1677 S.
425 1635 518 1677 987.
553 1636 680 1686 1010)
712 1648 842 1688 neque
872 1635 1074 1675 omittunt
1103 1633 1289 1686 iniquam
1321 1632 1530 1673 fortunam
1566 1629 1638 1671 cri-

111 1702 274 1753 minari,
307 1702 415 1756 quod
445 1702 628 1744 omnium
660 1702 738 1743 sibi
769 1702 973 1743 virtutum
991 1699 1365 1754 propugnatoribus
1396 1700 1484 1739 tam
1515 1696 1640 1738 lucti-

110 1768 231 1811 ficam
263 1769 420 1811 cladem
451 1770 603 1811 inferat
633 1770 697 1821 (E.
718 1771 825 1811 1364
855 1782 913 1822 sq.
949 1770 1067 1818 1383,
1092 1767 1131 1810 S.
1151 1768 1257 1809 1089
1280 1765 1371 1820 sq.).
1393 1789 1447 1794 —
1466 1765 1640 1807 Utrum-

112 1850 190 1891 que
233 1837 275 1878 in
327 1838 471 1879 acerbo
516 1837 703 1879 dolorum
750 1837 934 1878 cruciatu
980 1837 1153 1878 mortem
1198 1835 1305 1876 votis
1347 1833 1535 1886 exoptare
1571 1831 1638 1883 (E.

114 1905 222 1946 1372
251 1917 311 1958 sq.
347 1905 452 1946 1387
485 1917 559 1957 sq.‚
592 1903 632 1945 S.
657 1905 763 1946 1005
797 1917 856 1957 sq.
887 1904 992 1945 1040
1023 1916 1082 1956 sq.
1118 1903 1222 1944 1085
1254 1904 1346 1956 sq.)‚
1377 1901 1453 1942 hoc
1475 1898 1639 1952 quidem

113 1971 207 2013 nolo
248 1984 449 2024 premere;
489 1973 631 2013 contra
670 1971 933 2024 premendum
977 1982 1116 2011 censeo
1153 1982 1273 2010 usum
1311 1967 1488 2009 eiusdem
1527 1965 1640 2006 verbi

112 2033 301 2091 εὐνάζειν
337 2038 400 2089 (Ε.
446 2039 564 2088 1376,
607 2038 646 2080 S.
692 2039 810 2079 1005.
852 2038 970 2079 1006.
1006 2038 1132 2085 1042)
1175 2047 1305 2088 neque
1340 2046 1420 2075 non
1460 2032 1640 2075 eiusdem

109 2105 306 2159 imaginis
337 2105 386 2147 de
415 2105 554 2147 dolore
584 2105 806 2147 saliente
839 2105 901 2157 (E.
935 2105 1038 2145 1351
1065 2117 1139 2157 sq.‚
1171 2102 1211 2144 S.
1247 2102 1350 2143 1027
1383 2102 1474 2154 sq.),
1507 2098 1641 2153 quali-

112 2173 188 2215 bus
219 2173 407 2214 minutiis
436 2186 516 2214 non
546 2185 639 2214 raro
671 2173 900 2215 aemulator
929 2172 1126 2225 proditur.
1155 2193 1205 2198 ——
1239 2168 1416 2211 Gravius
1445 2168 1498 2217 id,
1533 2165 1641 2220 quod

114 2241 154 2282 et
186 2240 382 2282 Hercules
413 2241 453 2281 et
482 2239 731 2294 Hippolytus
777 2240 950 2280 mortem
993 2238 1191 2279 comitum
1229 2236 1419 2278 manibus
1458 2234 1536 2276 sibi
1577 2234 1641 2274 in-

114 2306 323 2349 ferendam
356 2309 550 2361 exoptant
580 2307 643 2359 (E.
681 2307 787 2348 1374
817 2319 875 2359 sq.
910 2306 948 2348 S.
982 2306 1087 2346 1010
1117 2317 1175 2357 sq.
1210 2304 1315 2345 1031
1348 2302 1450 2356 sq.);
1483 2301 1530 2342 de
1560 2313 1642 2354 qua

114 2386 157 2416 re
192 2385 286 2415 cum
315 2374 513 2416 Hercules
544 2387 638 2416 vere
674 2373 973 2427 grandiloquus
1015 2371 1220 2425 ampullas
1264 2371 1303 2411 et
1343 2368 1641 2423 sesquipedalia

250 2567 262 2587 ¹
290 2566 473 2601 Pindarus
488 2566 596 2610 Pyth.
614 2565 676 2609 IV,
694 2567 762 2599 213
782 2565 877 2611 (380)
898 2576 950 2609 sq.
967 2564 1109 2609 philtra
1126 2575 1201 2598 non
1220 2564 1495 2598 commemorat.
1529 2559 1644 2595 Novit

115 2625 389 2661 incantationes
417 2628 453 2663 et
477 2625 671 2659 rhombum
697 2636 759 2659 seu
788 2624 954 2668 iyngem3
998 2624 1097 2668 apud
1123 2623 1327 2657 Homerum
1354 2625 1391 2656 et
1417 2621 1507 2655 alios
1533 2619 1642 2653 huius

116 2684 172 2718 rei
198 2684 499 2719 commemoratio
526 2684 674 2718 omnino
704 2683 805 2717 deest
831 2682 892 2726 (cf.
919 2681 1153 2717 Hirschfeld:
1187 2681 1231 2716 de
1258 2682 1392 2716 incant.
1419 2682 1456 2714 et
1481 2678 1640 2713 devinct.

120 2746 274 2778 amator.
301 2744 399 2788 apud
426 2743 550 2778 Graec.
579 2743 799 2785 Romanosq.
826 2754 860 2786 p.
886 2742 932 2783 6).

252 2802 267 2822 2
292 2801 444 2836 Perleve
470 2802 507 2837 id
525 2802 734 2845 discrimen,
762 2801 862 2845 quod
881 2800 1057 2834 Hercules
1077 2802 1261 2844 portatur,
1289 2798 1512 2843 Hippolytus
1535 2794 1643 2832 initio

117 2860 272 2906 quidem
295 2861 356 2906 (cf.
383 2873 414 2897 v,
445 2862 544 2896 1342.
574 2861 679 2906 1354)
707 2860 902 2896 comitibus
929 2859 1070 2893 innisus
1097 2859 1255 2893 ducitur.
