1912 3310
1011 167 1056 201 42

272 281 428 335 phoclis
458 280 535 334 frg.
567 280 645 322 inc.
676 281 756 322 856
778 294 815 322 v.
843 281 868 321 9
892 293 950 333 sq.
981 280 1102 321 unius
1131 279 1297 321 Stobaei
1330 278 1431 319 satis
1460 278 1623 319 infirma
1653 278 1794 319 aucto-

270 348 394 389 ritate
443 347 538 388 111110
583 347 834 400 adscriptum
878 348 1002 399 atque
1042 347 1129 405 iure
1167 359 1190 387 a
1222 345 1409 387 Nauckio
1441 345 1630 398 Euripidi
1660 344 1796 386 reddi-

270 415 397 455 tum1.
449 437 492 442 —
541 413 618 455 Sed
660 414 830 454 stasimo
873 414 963 463 1110,
1011 413 1119 466 quod
1164 413 1206 452 in
1238 411 1393 453 Graeco
1439 411 1660 464 exemplari
1706 411 1797 463 post

271 480 421 522 amoris
466 480 758 521 confessionem
804 480 1046 521 collocatum
1093 479 1270 528 invenit,
1324 479 1479 520 remoto
1536 477 1632 531 quid
1678 477 1797 530 poeta

272 547 482 587 Romanus
517 545 766 586 substituit?
849 546 1001 586 Parum
1042 546 1134 598 apte
1179 544 1297 585 finxit
1338 544 1608 598 Hippolytum
1652 543 1793 584 statim

272 614 362 665 post
390 613 509 665 turpe
546 613 796 665 colloquium
834 624 925 652 cum
968 624 1141 653 noverca
1183 611 1446 664 effugientem
1485 610 1541 664 (v.
1575 611 1667 661 729,
1699 609 1797 661 901)

271 680 440 720 minime
458 678 659 720 Graecum
682 679 884 731 exemplar
912 679 1086 729 secutus,
1119 679 1151 719 si
1184 678 1416 719 memineris
1447 678 1532 718 illic
1562 677 1695 718 filium
1726 689 1798 729 pa-

270 745 325 785 tri
343 758 383 786 se
399 758 575 798 purgare
605 744 822 786 studuisse.
875 745 1003 793 Adde,
1038 745 1145 798 quod
1178 745 1277 797 fuga
1308 745 1472 785 sceleris
1505 744 1798 785 conscientiam

272 812 438 864 prodere
468 811 643 853 videtur.
706 812 844 865 Neque
870 812 947 852 sibi
977 813 1139 853 constat
1166 813 1297 864 poeta,
1330 823 1422 852 cum
1455 812 1592 864 postea
1623 823 1707 851 rem
1738 810 1797 850 ita

272 880 420 929 vertat,
444 891 490 920 ac
511 879 543 919 si
566 878 696 931 patris
718 878 830 919 dirae
855 878 995 931 fugam
1025 878 1269 919 adduxerint
1292 878 1343 930 (v.
1361 878 1455 926 929,
1480 878 1615 930 1000).
1661 877 1802 930 Fugae

271 946 401 999 igitur
432 945 614 987 adnectit
643 945 816 996 longum
844 958 1007 986 carmen
1039 958 1075 986 v.
1105 946 1184 986 736
1215 957 1287 997 sq„
1320 944 1427 997 quod
1449 943 1799 997 pulchritudinem

270 1013 429 1054 iuvenis
467 1013 671 1053 concitato
703 1012 834 1065 gradu
868 1025 908 1053 se
938 1012 1199 1065 proripientis
1236 1011 1438 1052 coloribus
1470 1012 1577 1052 certe
1608 1023 1687 1052 non
1718 1010 1801 1051 Eu·

271 1079 437 1132 ripideis
467 1079 665 1133 depingit,
699 1079 747 1120 de
776 1079 925 1132 quibus
956 1079 1071 1120 alias.
1132 1079 1276 1131 Imago
1313 1078 1474 1131 quidem
1510 1077 1665 1128 stellae,
1697 1089 1802 1130 quae

271 1147 402 1187 ventis
434 1146 596 1199 agitata
623 1146 767 1199 longos
799 1146 976 1199 porrigit
1007 1146 1122 1198 ignes
1140 1145 1206 1196 (cf.
1226 1145 1348 1198 Vei-g.
1370 1143 1516 1196 Georg.
1546 1144 1577 1194 Ι,
1609 1144 1688 1184 365
1707 1143 1799 1196 sq.)‚

273 1226 353 1266 qua
384 1212 502 1253 initio
531 1225 568 1254 v.
602 1213 681 1252 739
714 1212 854 1265 fug-am
887 1213 1083 1259 illustrat,
1126 1211 1366 1253 memoriam
1402 1211 1479 1252 tibi
1511 1210 1658 1252 afferat
1688 1210 1801 1251 chori

272 1279 482 1332 Euripidei
512 1279 784 1332 Hippolytum
816 1279 1079 1332 effugientem
1112 1279 1295 1320 canentis
1324 1291 1360 1318 v.
1399 1279 1496 1318 112]
1531 1290 1611 1330 sq.:

471 1360 566 1402 ἐπεὶ
595 1359 671 1402 τὸν
696 1360 913 1411 Ἑλλανίας
940 1364 944 1411 l
973 1361 1282 1418 φανερώτατον
1312 1354 1452 1414 ἀστέρ’
1484 1355 1678 1410 Ἀθάνας

471 1424 644 1481 εἴδομεν
675 1424 848 1481 εἴδομεν
877 1428 921 1469 ἐκ
949 1426 1117 1481 πατρὸς
1148 1424 1275 1482 ὀργᾶς

471 1488 603 1536 Σίλλαν
634 1494 701 1536 ἐπ’
734 1489 832 1536 αἶαν
863 1491 1068 1549 {effice-vost.

272 1579 352 1621 Sed
389 1580 537 1630 nescio,
576 1593 627 1621 an
667 1580 841 1622 Senecae
879 1580 1050 1622 Ovidius
1089 1580 1389 1622 Phaethontem
1422 1581 1464 1621 in
1504 1591 1694 1633 praeceps
1731 1592 1801 1632 per

271 1659 366 1687 acra
409 1646 540 1687 latum
585 1659 676 1688 cum
725 1648 844 1689 stella
892 1647 941 1689 de
979 1648 1091 1689 caelo
1123 1647 1293 1688 cadente
1324 1659 1564 1699 comparans
1596 1645 1711 1699 (Met.
1743 1646 1799 1697 ΙΙ,

271 1713 352 1752 3:20
387 1715 464 1764 sq.)
496 1725 637 1754 ansam
672 1713 840 1755 dederit.
915 1714 1050 1755 Priori
1097 1715 1235 1755 autem
1284 1713 1395 1754 chori
1440 1712 1649 1765 Euripidei
1692 1712 1802 1765 parti

271 1791 307 1819 v.
334 1780 438 1819 1102
469 1792 528 1832 sq.
560 1779 712 1821 similia
744 1781 856 1821 canit
871 1781 1016 1821 chorus
1032 1781 1241 1822 Romanus
1260 1781 1358 1821 item
1376 1781 1468 1833 post
1484 1779 1800 1821 exsecrationem

272 1845 486 1899 Hippolyti
502 1859 537 1887 v.
563 1847 643 1887 959
661 1860 733 1900 sq.‚
757 1860 929 1900 quorum
962 1859 1121 1888 summa
1159 1848 1275 1888 haec:
1318 1845 1395 1888 ‘res
1422 1847 1623 1887 humanas
1660 1844 1802 1886 ordine

270 1913 383 1954 1111110
416 1914 597 1955 Fortuna
621 1915 729 1967 regit
760 1915 991 1968 sparsitque
1024 1927 1150 1955 manu
1169 1913 1339 1955 Munera
1371 1910 1502 1955 caeca’
1534 1912 1590 1966 (v.
1607 1912 1688 1953 978
1709 1912 1800 1964 sq.).

271 1980 323 2021 Et
354 1980 461 2033 quod
491 1980 656 2033 longius
687 1983 895 2034 praeterea
925 1982 1171 2023 immoratur
1200 1981 1242 2022 in
1274 1980 1541 2035 obiurgandis
1562 1979 1659 2028 deis,
1693 1978 1801 2032 quod

268 2060 413 2100 parum
444 2048 611 2089 solliciti
643 2048 726 2089 sint
755 2049 870 2090 bonis
902 2049 1089 2102 prodesse
1116 2049 1236 2090 malis
1263 2049 1469 2097 nocuisse3
1500 2049 1566 2089 hic
1587 2060 1729 2089 sensus
1757 2047 1797 2088 in

272 2116 392 2157 choro
435 2115 514 2156 isto
561 2115 724 2168 quidem
776 2116 992 2169 Euripideo
1039 2116 1267 2158 translucet
1311 2117 1494 2167 tantum,
1545 2116 1650 2157 alias
1693 2115 1802 2156 clare

404 2311 414 2329 ¹
442 2310 624 2354 Philolog.
651 2309 701 2343 IV
730 2322 764 2354 p.
794 2311 873 2344 542.
916 2330 957 2334 ——
992 2310 1164 2345 Welcker
1202 2311 1224 2343 l.
1254 2311 1276 2344 1.
1303 2322 1336 2354 p.
1363 2311 1432 2344 737
1462 2309 1709 2344 Matthiaeum
1748 2321 1800 2344 se-

271 2370 376 2402 cutus
401 2368 604 2413 Hippolyto
623 2368 754 2403 Velato
781 2369 971 2403 vindicare
998 2372 1150 2403 conatus
1177 2372 1232 2403 est
1250 2369 1338 2403 Eur.
1358 2368 1429 2413 frg.
1451 2368 1520 2403 inc.
1541 2369 1622 2412 890,
1649 2368 1801 2402 Veneris

271 2427 346 2460 vim
372 2427 562 2461 illustrans
585 2428 716 2462 audaci
735 2431 771 2461 et
790 2428 979 2472 praeclaro
1001 2428 1046 2462 de
1065 2439 1189 2462 amore
1209 2428 1299 2462 caeli
1319 2428 1437 2461 imbre
1454 2427 1602 2473 gravati
1620 2427 1800 2471 exemplo,

272 2485 370 2528 quod
396 2486 545 2529 quidem
574 2486 753 2530 Aeschylo
780 2486 936 2520 debetur
964 2486 1025 2531 (01.
1057 2486 1128 2531 frg.
1156 2486 1235 2531 43);
1272 2486 1352 2520 iure
1378 2486 1543 2520 fortasse.
1595 2485 1688 2520 Nam
1714 2485 1798 2519 Plu-

270 2543 420 2577 tarchus
435 2545 557 2578 Amat.
579 2545 621 2578 13
642 2545 695 2589 (8)
722 2556 804 2579 cum
828 2545 948 2589 primo
974 2545 1081 2579 huius
1108 2545 1310 2590 fragmenti
1339 2557 1448 2579 versu
1475 2544 1650 2579 conflavit
1672 2556 1799 2578 versus

270 2601 356 2645 Hip.
385 2603 583 2636 449-450.
637 2602 706 2645 Qui
735 2615 839 2637 error
865 2604 951 2638 inde
977 2604 1095 2648 repeti
1124 2607 1258 2648 potest,
1298 2603 1396 2647 quod
1429 2603 1467 2636 hi
1504 2604 1693 2637 ambarum
1725 2603 1799 2637 edi-

269 2660 412 2694 tionum
438 2661 508 2694 loci
536 2661 708 2695 lemmate
742 2662 981 2707 neglegenter
1015 2663 1201 2707 adscripto
1231 2663 1335 2696 iuxta
1351 2662 1463 2706 positi
1483 2664 1598 2706 erant.
1630 2662 1798 2696 Ceterum

270 2719 392 2753 versui
418 2719 439 2752 4
465 2719 622 2754 similem
648 2722 869 2755 sententiam
898 2721 1076 2755 exhibent
1103 2721 1195 2755 Eur.
1223 2721 1305 2765 Hip.
1332 2734 1366 2755 v.
1393 2722 1462 2755 448
1490 2732 1542 2764 sq.

405 2776 417 2795 ²
444 2777 680 2821 Comparatio
713 2791 795 2813 cum
831 2780 937 2814 stella
975 2781 1065 2814 item
1100 2780 1262 2814 occurrit
1287 2780 1325 2813 in
1352 2779 1441 2813 Eur.
1469 2779 1540 2824 frg.
1570 2779 1640 2813 ine.
1667 2782 1732 2814 961
1762 2784 1799 2815 et

273 2835 344 2881 frg.
372 2835 494 2881 adesp.
523 2836 578 2870 33.
