1912 3310
1021 169 1067 202 48

283 286 355 336 est,
404 296 475 337 pro
509 283 652 324 iudicii
682 295 826 324 norma
856 282 1047 332 tenueris,
1092 281 1133 322 in
1165 280 1300 322 media
1330 280 1471 322 fabula
1500 279 1662 320 nullum
1692 277 1807 319 inve-

283 352 380 393 nies,
454 350 676 403 Prologum
723 350 861 391 autem
908 349 1105 390 Venerem
1150 348 1235 388 illic
1281 359 1441 400 quoque
1489 347 1672 388 locutam
1724 357 1808 386 esse

283 418 438 471 peritus
470 417 640 470 quisque
671 429 762 456 cum
794 415 1008 456 Welckero
1041 414 1270 455 concludet.
1331 413 1476 454 Restat
1506 412 1598 453 finis
1631 412 1806 461 fabulae,

284 485 332 526 de
362 497 441 538 quo
472 484 582 526 Jahn
613 482 657 533 (l.
690 481 735 535 l.)
770 482 985 534 cogitavit,
1031 493 1160 533 neque
1202 480 1289 521 illic
1336 479 1465 520 alium
1509 480 1645 520 locum
1677 478 1807 526 video,

283 551 361 592 nisi
393 563 472 604 quo
503 551 638 591 Diana
673 549 883 590 Phaedrae
913 548 1061 589 falsam
1093 547 1394 589 accusationem
1425 546 1593 588 revelat.
1639 545 1717 587 Sed
1743 544 1809 585 cui

282 619 418 660 Diana
440 617 612 658 crimina
634 616 766 669 aperit
786 615 864 656 nisi
882 615 1048 665 Theseo,
1082 615 1145 655 cui
1169 626 1517 667 supervacaneum
1541 614 1628 655 erat
1649 613 1808 666 copiose

283 685 441 727 narrari
460 683 689 724 Phaedram
707 683 748 723 in
769 695 861 723 arce
877 683 1023 724 Veneri
1041 682 1238 735 templum
1255 683 1540 723 consecrasse?
1564 681 1808 722 Desinamus

279 753 411 806 igitur
442 751 621 793 elumbes
652 750 724 791 hos
754 762 904 800 versus,
936 762 1036 803 quos
1065 749 1279 801 imperitus
1301 749 1554 790 versificator
1574 748 1764 802 procudit
1782 751 1807 799 ¹,

282 818 469 872 Euripidi
497 817 694 867 tribuere,
741 816 982 869 praesertim
1022 827 1113 856 cum
1152 828 1289 857 eorum
1328 815 1591 868 interpolatio
1629 816 1715 856 tam
1748 815 1809 857 fa-

283 886 399 927 cilem
433 884 680 938 explicatum
697 883 893 933 inveniat,
918 895 1043 936 quam
1065 883 1209 923 vellem
1234 883 1371 923 omnia
1393 882 1627 923 huiusmodi
1649 882 1808 924 menda.

282 953 443 995 Scimus
474 952 580 993 enim
612 951 769 991 cultum
798 952 938 991 nostro
974 950 1062 991 loco
1094 949 1374 1003 significatum
1406 948 1614 990 novicium
1645 948 1808 990 fuisse2.

282 1020 388 1073 Quid
420 1020 550 1074 igitur
594 1019 728 1071 magis
769 1017 990 1059 verisimile
1028 1017 1101 1064 est,
1140 1029 1263 1069 quam
1302 1016 1520 1057 histriones
1553 1015 1806 1057 occasionem

281 1088 424 1141 sponte
442 1086 623 1128 oblatam
641 1085 876 1127 avidissime
889 1084 1093 1136 amplexos
1106 1096 1201 1134 esse,
1217 1084 1263 1124 ut
1278 1083 1552 1136 spectantium
1569 1095 1685 1123 aures
1698 1082 1809 1123 tecta

280 1155 401 1196 huius
424 1154 560 1194 cultus
582 1152 884 1206 significatione
905 1151 1146 1201 titillarent3
1179 1163 1271 1191 nam
1294 1149 1495 1191 Graecum
1513 1150 1662 1204 vulgus
1680 1150 1808 1192 omni-

281 1223 355 1263 bus
372 1220 634 1274 temporibus,
655 1232 734 1260 non
747 1219 1118 1260 Alexandrinorum
1129 1219 1289 1259 demum
1307 1219 1457 1269 aetate,
1467 1219 1808 1272 qualitteratores

280 1289 521 1331 umbratiles
550 1289 592 1328 in
623 1287 685 1328 his
715 1288 834 1328 rebus
864 1287 1029 1340 ingenia
1060 1287 1336 1337 exercuerunt,
1382 1284 1532 1328 αἰτίων
1573 1288 1807 1329 amantissi-

280 1370 394 1398 mum
425 1356 524 1397 erat.
574 1354 738 1395 Etenim
770 1354 870 1394 satis
901 1354 1072 1406 antiquo
1103 1355 1284 1406 tempore
1313 1355 1419 1395 hanc
1449 1355 1808 1408 interpolationem

280 1425 323 1465 in
358 1421 605 1465 editionibus
641 1422 842 1462 sancitam
880 1433 965 1462 esse
1009 1421 1204 1463 historiae
1236 1421 1435 1463 fabularis
1467 1423 1705 1476 compendia
1737 1423 1808 1465 do-

281 1491 470 1532 cumento
509 1489 618 1539 sunt,
659 1490 799 1541 utpote
839 1501 944 1541 quae
983 1491 1167 1530 nostrum
1206 1490 1422 1542 prologum
1454 1502 1499 1531 eo
1531 1490 1683 1539 ordine,
1728 1502 1807 1544 quo

280 1570 389 1599 nunc
418 1557 585 1610 legitur,
619 1569 697 1597 non
730 1556 910 1609 quinque
940 1557 1105 1597 tantum
1136 1569 1275 1597 versus
1298 1557 1573 1609 compilarint.
1592 1581 1640 1585 —
1659 1556 1807 1598 Nescio

280 1626 432 1675 autem,
480 1637 531 1665 an
573 1623 624 1665 ad
657 1623 782 1664 alium
830 1624 1038 1676 praeterea
1083 1623 1242 1676 prologi
1287 1623 1422 1664 locum
1461 1623 1723 1676 Asclepiades
1767 1636 1808 1665 se

280 1692 438 1745 pararit
469 1703 662 1732 narrans:
695 1688 717 1730 ὁ
739 1690 784 1731 δὲ
806 1692 876 1742 (sc.
903 1688 1086 1745 Θησεὺς)
1123 1692 1254 1743 τριῶν
1286 1686 1344 1740 ὥς
1379 1706 1511 1746 φασιν
1542 1691 1661 1746 αὐτῷ
1693 1687 1809 1745 παρὰ

279 1758 357 1799 τοῦ
395 1758 674 1806 Ποσειδῶνος
705 1751 846 1809 εὕχιῦν
879 1752 1021 1799 οἷ’σών
1053 1754 1429 1812 ὅμολογήσανῖος3
1461 1754 1525 1799 ὅτι
1559 1754 1608 1798 ἂν
1640 1758 1807 1814 εὔξηται
1868 1757 1873 1760 ”

280 1824 558 1875 σιψτελέσειν,
602 1821 839 1875 πιστεύσας
870 1825 919 1882 τῇ
957 1824 1125 1882 (Βαίόρᾳ
1158 1825 1259 1878 μίαν
1289 1822 1456 1867 ‘controv
1485 1822 1672 1884 ᾐῑήσατο
1703 1826 1805 1880 παρ’

280 1891 411 1933 αἰτοῦ
442 1890 517 1933 τὸν
545 1893 628 1934 τοῦ
660 1889 845 1942 παιδὸς*
878 1885 1079 1947 ὄλεθρον.
1140 1894 1278 1935 Venus
1315 1894 1376 1936 ita
1415 1894 1456 1934 in
1486 1894 1655 1947 prologo
1687 1895 1808 1937 Euri-

280 1960 397 2013 pideo
431 1973 467 2001 v.
500 1962 553 2002 43
584 1973 664 2013 sq.:

544 2026 614 2067 καὶ
644 2023 720 2066 τὸν
748 2025 825 2079 μὲν
857 2022 961 2080 ἡμῖν
993 2025 1203 2079 πολέμιον
1234 2025 1400 2067 νεανίαν

544 2096 685 2135 κτενεῖ
716 2091 857 2150 ’πατὴρ
892 2089 1080 2145 α’ραῑσιν,
1112 2088 1162 2143 ὃς
1189 2090 1211 2134 ὁ
1246 2090 1426 2143 πόντιος

548 2153 655 2212 ἄναξ
680 2161 910 2201 Ποσειδῶν
939 2154 1110 2202 ὤπασεν
1142 2162 1277 2215 Θησεῖ
1309 2160 1443 2215 γέρας,

545 2226 677 2282 μηδὲν
704 2223 888 2280 μάταιον
922 2224 984 2277 εἰς
1013 2228 1104 2283 τρῖς
1133 2220 1346 2280 εἴξασθαι
1373 2228 1469 2283 θεῷ
1488 2229 1515 2269 5.

417 2374 427 2392 ¹
452 2373 600 2408 Nemini
627 2373 856 2408 sanationem
883 2374 976 2408 bene
1003 2374 1150 2408 cessisse
1177 2386 1250 2409 non
1276 2375 1382 2418 parvi
1409 2374 1541 2418 pendo.

414 2433 427 2452 ²
455 2432 506 2467 Cf.
533 2433 781 2467 Wilamowitz
816 2432 999 2478 Philolog.
1027 2433 1247 2468 Untersuch.
1275 2434 1291 2467 Ι
1318 2445 1352 2478 p.
1381 2436 1459 2473 170,
1500 2433 1563 2477 qui
1591 2432 1806 2476 ceteroquin

280 2491 408 2525 eodem
441 2503 564 2525 errore
598 2503 669 2535 quo
696 2492 794 2526 Jahn
824 2495 861 2526 et
889 2492 1061 2526 VVheeler
1087 2493 1255 2538 illigatus
1290 2496 1344 2526 est
1381 2493 1419 2526 in
1450 2493 1574 2536 priore
1602 2491 1805 2536 Hippolyto

279 2549 420 2583 fontem
446 2550 747 2594 interpolationis
776 2562 966 2594 quaerens.

415 2608 428 2627 ³
457 2605 585 2642 Οὐσῶν
609 2605 906 2653 ὁμολογήσαντος
934 2609 1135 2642 Buttmann
1162 2621 1229 2653 pro
1256 2609 1344 2643 εἶναι
1374 2605 1621 2655 ὡμολόγησεν.

413 2668 426 2686 4
452 2667 547 2710 Hap’
574 2664 681 2700 αὑτοῦ
711 2666 773 2701 τὸν
797 2668 859 2700 τοῦ
886 2666 1018 2705 παιδὸς
1048 2668 1250 2701 Buttmann
1278 2680 1345 2712 pro
1373 2667 1470 2712 Παρὰ
1497 2669 1559 2701 τοῦ
1584 2664 1727 2705 παιδός.

414 2726 427 2743 ⁵
453 2724 627 2759 Wheeler
652 2725 801 2768 quidem
829 2725 866 2767 (l.
887 2726 909 2759 l.
928 2738 963 2770 p.
982 2726 1044 2769 48)
1071 2726 1184 2760 etiam
1209 2726 1273 2760 hos
1295 2738 1416 2760 versus
1436 2727 1609 2771 Euripidi
1630 2727 1804 2771 abrogat3

280 2784 343 2827 qui
370 2784 399 2817 si
426 2787 526 2817 reete
553 2784 760 2826 iudicasset,
793 2785 949 2818 alteram
976 2785 1064 2818 satis
1093 2785 1285 2828 antiquam
1312 2785 1637 2829 interpolationem
1663 2789 1804 2820 tenere-

278 2853 368 2876 mus.
420 2841 490 2876 Sed
516 2845 736 2887 argumenta
761 2843 942 2877 validiora
967 2842 1148 2877 desidero.
