1912 3310
845 191 907 224 121

117 307 276 360 Itaque,
306 306 349 347 in
381 319 460 359 quo
492 306 549 347 rei
579 306 701 347 cardo
730 306 921 355 vertitur,
954 305 1074 357 poeta
1105 304 1175 344 ille
1197 302 1497 345 Alexandrinus
1529 316 1646 357 nym-

123 373 212 427 phis
242 385 284 414 re
316 386 411 414 vera
443 373 642 426 quasdam
674 373 809 425 partes
842 371 999 412 dedisse
1040 370 1222 418 videtur;
1267 382 1346 423 quo
1383 370 1543 422 spectat
1574 369 1645 411 Se-

121 453 242 481 necae
285 439 528 481 vaticinatio
573 453 609 481 v.
643 439 723 480 774
753 452 833 492 sq.:
879 437 941 479 ‘te
985 449 1147 478 nemore
1190 436 1331 478 abdito
1377 459 1427 464 ——
1480 436 1645 488 cingent

117 506 238 547 turba
269 505 394 547 licens
427 506 564 547 naides
595 500 834 558 improbae’.
868 529 916 532 —
958 504 1069 556 Quae
1102 503 1240 545 omnia
1270 502 1468 544 contendo
1501 503 1644 543 mutuo

118 585 159 614 se
196 572 351 614 lumine
392 573 612 614 illustrare.
671 571 842 613 Accedit
882 571 1067 624 denique,
1116 570 1222 624 quod
1255 569 1406 611 Seneca
1449 572 1505 621 (v.
1539 569 1645 609 1080

119 639 197 692 sq.)
239 640 422 680 monstro
475 638 611 680 subito
665 638 826 680 obviam
883 638 1070 679 currente
1121 637 1290 679 fatalem
1337 637 1519 686 ruinam,
1566 648 1646 688 qua

118 705 367 758 Hippolytus
401 705 449 746 de
481 717 602 746 curru
634 705 938 758 praecipitetur,
976 704 1199 746 adductam
1231 716 1314 745 esse
1345 703 1479 756 fingit,
1524 703 1648 755 atque

118 772 160 814 id
192 773 242 814 ab
274 772 468 825 Euripide
500 772 614 826 (Hip.
636 774 742 815 1232
760 771 835 825 sq.)
859 772 1067 823 recedens3
1100 785 1220 825 quem
1252 771 1422 813 eundem
1456 771 1646 811 eventum

119 839 396 881 Philostratus
429 839 567 881 sumit.
627 840 717 881 Iam
750 852 843 881 vero
875 840 1065 892 prompta
1093 840 1153 880 est
1181 839 1416 880 coniectura
1438 837 1645 883 Senecam,

118 919 209 948 cum
243 906 401 947 virilem
425 907 605 960 corporis
629 907 803 948 formam
832 906 971 948 eadem
994 906 1167 959 ratione,
1199 918 1278 958 qua
1300 904 1438 946 Ovidii
1459 903 1646 945 Phaedra

118 973 290 1014 eundem
320 973 484 1015 heroem
523 974 732 1015 celebrans
775 974 891 1026 (Her.
926 973 996 1025 IV,
1031 974 1080 1014 79
1112 975 1203 1026 sq.)‚
1249 972 1475 1025 legentium
1518 971 1647 1012 oculis

117 1040 299 1082 subicere
344 1042 513 1082 conetur
559 1043 612 1089 (v.
653 1041 733 1083 809
771 1042 862 1094 sq.)‚
906 1053 985 1082 non
1028 1041 1161 1093 ipsum
1208 1039 1401 1082 Ovidium
1447 1038 1515 1080 sed
1559 1037 1646 1078 eius

118 1108 322 1161 exemplar
355 1108 623 1161 exscripsisse.
664 1108 826 1149 Etenim
858 1107 1003 1148 similis
1034 1106 1272 1148 illustrandi
1294 1106 1399 1147 ratio
1421 1106 1463 1146 in
1486 1104 1646 1158 Scyllae

117 1175 282 1216 fabula¹
314 1175 461 1227 probat
489 1175 591 1216 talia
623 1175 674 1216 ad
706 1175 912 1216 tumidum
933 1174 1305 1216 Alexandrinorum
1327 1173 1369 1214 in
1391 1170 1646 1225 depingenda

118 1241 297 1295 corporis
328 1242 637 1295 pulchritudine
668 1242 913 1295 apparatum
946 1241 1200 1295 pertinuisse.

252 1310 397 1351 Restat
424 1309 528 1351 alter
551 1310 761 1351 Romanae
789 1309 1026 1363 tragoediae
1056 1309 1182 1359 locus,
1215 1320 1293 1361 quo
1325 1306 1462 1347 nutrix
1495 1304 1647 1346 amoris

125 1377 260 1418 morbi
305 1376 505 1430 tacitique
539 1377 728 1418 desiderii
771 1377 898 1429 signis
937 1375 1222 1417 enumerandis
1262 1373 1479 1415 immodice
1509 1384 1549 1413 se
1581 1384 1647 1412 ex-

120 1443 255 1485 tendit
292 1443 347 1495 (v.
380 1444 432 1485 36
466 1444 556 1496 sq.)‚
604 1457 727 1497 qnam
759 1444 975 1485 molestam
1011 1442 1305 1496 loquacitatem
1343 1453 1414 1493 pro
1446 1450 1549 1480 novo
1581 1450 1647 1479 ar-

118 1512 315 1564 gumento
346 1510 509 1552 indiciis
541 1511 659 1564 quasi
690 1511 867 1552 externis
904 1510 1062 1552 adicere
1092 1505 1207 1562 ficet,
1250 1508 1397 1562 quibus
1437 1507 1479 1547 in
1515 1505 1646 1547 altera

119 1578 412 1631 disputationis
442 1578 557 1631 parte
586 1578 697 1619 nisus
727 1579 915 1620 suturam
939 1576 1196 1619 adventiciae
1217 1575 1319 1617 artis
1340 1575 1382 1616 in
1405 1575 1480 1615 hac
1501 1585 1646 1614 scaena

117 1645 246 1686 latere
274 1645 505 1698 suspicatus
536 1657 625 1685 sum
659 1643 715 1698 (p.
750 1645 834 1696 29).
895 1644 1003 1686 Nam
1046 1643 1225 1696 optimus
1262 1642 1432 1695 quisque
1462 1639 1646 1693 tragicus

117 1712 238 1765 poeta
266 1711 309 1752 in
338 1711 491 1753 talibus
528 1711 648 1753 rebus
679 1712 785 1752 nude
817 1713 855 1752 et
886 1711 1064 1753 tenuiter
1092 1708 1360 1751 denarrandis
1391 1720 1472 1749 non
1502 1707 1645 1748 immo-

117 1779 289 1828 rabitur,
323 1779 369 1820 ut
401 1778 471 1832 qui
503 1779 706 1820 actionem
728 1791 884 1831 semper
903 1777 1219 1830 circumspiciat,
1244 1776 1309 1817 cui
1326 1775 1487 1817 animus
1510 1774 1647 1815 atten-

117 1844 252 1887 datur.
313 1845 459 1899 Itaque
491 1846 705 1899 Euripides
735 1846 777 1886 id
808 1846 974 1899 quidem
1005 1845 1046 1886 in
1078 1836 1317 1885 transcursu
1348 1842 1486 1895 tangit
1520 1841 1645 1882 Phae-

118 1911 234 1954 dram
285 1913 374 1954 cibo
425 1912 629 1954 abstinere
682 1926 810 1966 neque
856 1912 1082 1966 quidquam
1125 1911 1231 1952 idem
1274 1910 1442 1951 dubiam
1491 1920 1647 1961 semper

118 1980 307 2032 appetere
321 1981 349 2030 2,
387 1979 482 2029 alia,
515 1993 618 2033 quae
648 1982 767 2034 poeta
800 1981 1010 2021 Romanus
1041 1980 1219 2027 enarrat,
1268 1977 1344 2031 ipsi
1376 1989 1544 2018 scaenae
1575 1987 1647 2028 po-

118 2046 202 2087 tius
233 2049 272 2087 et
303 2047 456 2088 actioni
488 2047 539 2088 ad
568 2047 862 2088 illustrandum
896 2047 1008 2088 dat3.
1071 2047 1164 2087 Alia
1195 2045 1368 2098 denique
1399 2044 1493 2084 huic
1525 2042 1647 2084 Sene-

119 2126 189 2154 cae
219 2125 389 2155 scaenae
418 2115 558 2155 assuta
588 2127 683 2163 esse,
718 2127 820 2167 quae
845 2114 940 2155 solis
958 2114 1120 2154 serioris
1137 2112 1286 2153 aetatis
1303 2111 1466 2152 eroticis
1484 2108 1647 2162 propria

118 2181 213 2228 sint,
245 2180 294 2221 de
315 2179 420 2222 Ciris
452 2181 671 2233 exemplari
703 2181 917 2234 disputans
948 2181 1030 2222 iam
1062 2166 1293 2234 significavi
1326 2178 1382 2231 (p.
1401 2178 1452 2218 87
1473 2176 1567 2229 sq.):
1601 2177 1648 2215 ut

119 2248 280 2289 aestum
296 2247 487 2298 tacitum,
518 2248 588 2302 qui
607 2248 726 2289 vultu
745 2248 952 2301 proditur3
983 2248 1111 2288 lassas
1133 2259 1270 2300 genas
1300 2247 1519 2286 nocturnas
1551 2254 1649 2295 que-

118 2315 236 2366 relas,
264 2315 420 2368 pallida
451 2328 534 2366 ora,
565 2315 768 2357 marcidos
801 2315 950 2368 oculos,
982 2315 1142 2356 crebras
1172 2313 1364 2355 lacrimas
1385 2311 1536 2360 (v.362
1554 2309 1646 2362 sq.).

120 2381 208 2434 Quo
253 2382 459 2436 pertinent
497 2383 622 2424 etiam
661 2395 696 2423 v.
729 2383 941 2432 99-111,
983 2382 1129 2435 quibus
1167 2379 1352 2421 Phaedra
1392 2379 1481 2431 ipsa
1518 2375 1647 2418 animi

118 2450 181 2492 sui
213 2450 541 2504 aegrotationem
573 2451 612 2491 et
644 2449 995 2503 perturbationem
1035 2448 1120 2489 fuse
1151 2446 1348 2499 depingit.
1411 2446 1469 2485 De
1500 2443 1646 2497 quibus

119 2518 370 2559 ornamentis
400 2518 493 2559 nolo
527 2518 659 2558 multa
694 2517 814 2559 verba
855 2517 998 2568 facere,
1038 2528 1129 2556 cum
1168 2513 1406 2566 praesertim
1452 2510 1647 2553 exhausta

256 2701 268 2720 ¹
295 2700 360 2735 Ov.
389 2700 478 2735 Met.
507 2700 604 2743 VIII,
630 2702 676 2734 25
703 2712 754 2744 sq.
807 2700 859 2734 Cf.
887 2700 997 2743 Prop.
1026 2699 1072 2741 II⁷
1102 2700 1129 2732 1.
1159 2700 1178 2731 5
1205 2709 1259 2741 sq.

255 2759 269 2779 ²
296 2758 351 2793 Cf.
378 2758 459 2794 Sen.
485 2760 566 2795 373.
593 2759 682 2793 Eur.
715 2760 780 2792 135
806 2770 856 2802 sq.
884 2759 963 2791 275.
1000 2777 1041 2781 —
1071 2756 1152 2790 Sen.
1181 2757 1259 2797 365,
1288 2755 1377 2789 Eur.
1409 2753 1485 2788 1s3.

255 2817 270 2838 ³
294 2817 350 2852 Cf.
379 2817 460 2853 Sen.
486 2818 552 2853 367
581 2830 645 2863 sq.,
672 2817 760 2852 Eur.
791 2818 857 2851 170
881 2829 933 2861 sq.
961 2836 1004 2841 —
1032 2815 1112 2851 Sen.
1139 2816 1209 2849 370
1235 2825 1302 2858 sq.,
1329 2813 1417 2847 Eur.
1448 2812 1513 2845 198
1538 2822 1590 2855 sq.
