1912 3310
983 206 1025 239 10

241 327 363 368 verba
395 324 568 378 proiciat
598 337 636 365 v.
671 323 776 364 1010
807 334 879 374 sq.,
911 333 990 362 non
1021 320 1061 361 te
1097 318 1240 372 fugiet,
1273 317 1523 370 quantopere
1551 315 1767 369 Euripides

243 393 341 434 haec
389 392 431 432 in
481 390 645 433 brevius
696 387 957 430 contraxerit.
1047 385 1159 427 Idem
1210 396 1337 437 aeque
1385 384 1428 424 in
1477 383 1612 424 totam
1663 383 1769 424 hanc

242 472 431 501 scaenam
460 457 692 511 Eripideam
725 455 868 496 cadere
898 454 961 495 vel
993 453 1123 494 obiter
1154 450 1504 503 comparationem
1532 450 1769 491 instituenti

241 526 435 579 liquebit;
485 525 530 565 ut
569 536 657 564 meo
702 523 804 563 mihi
843 522 929 562 iure
973 519 1139 561 interim
1187 518 1429 560 contendere
1470 518 1610 559 videar
1649 517 1770 558 Euri-

243 592 379 646 pidem
407 590 646 644 Sophoclem
678 589 717 629 et
746 601 826 628 non
856 587 964 628 hunc
994 586 1111 627 illurn
1145 586 1240 627 ante
1272 584 1410 626 oculos
1440 585 1630 626 habuisse
1646 587 1670 625 ¹.
1714 608 1769 614 —

243 659 320 701 Sed
355 657 578 711 praesagio,
625 668 706 708 qua
749 654 907 695 ratione
950 653 1236 706 intellegentes
1282 652 1384 693 mihi
1421 652 1630 693 occursuri
1663 651 1768 693 sint:

243 725 437 767 nimirum
468 723 724 764 Philocteten
756 733 917 774 quoque
948 721 991 761 in
1021 721 1109 773 ipsa
1151 732 1295 761 scaena
1326 719 1517 761 flebiliter
1546 719 1769 761 lamentari

243 793 282 833 et
312 804 335 832 a
368 789 624 842 Neoptolemi
664 788 802 842 gladio
844 789 1017 828 mortem
1063 787 1245 839 expetere
1292 786 1431 839 (Soph.
1466 786 1643 828 Philoct.
1675 786 1768 837 747,

243 858 291 899 cf.
328 858 434 899 1204
465 859 563 910 sq.);
603 856 765 898 Ulixem
802 856 941 896 autem
978 854 1020 894 in
1059 853 1270 906 Sophoclis
1312 853 1474 906 Niptris
1506 853 1767 894 vulneratum

241 926 282 966 in
314 937 503 966 scaenam
533 924 793 976 deportatum
824 921 993 963 comites
1028 921 1257 971 admonere,
1301 921 1348 961 ut
1382 919 1693 973 ‘pedetemptim
1730 920 1770 961 et

241 992 381 1034 sedato
418 992 522 1044 nisu,
568 1003 618 1031 ne
661 1002 854 1031 succussu
897 988 1077 1041 adripiat
1119 988 1251 1029 maior
1294 980 1432 1029 dolor³
1477 1000 1518 1028 se
1561 987 1770 1029 adducant

242 1058 398 1110 (Cicero
418 1058 534 1099 Tusc.
565 1058 618 1107 II,
651 1058 716 1098 21.
762 1055 953 1097 Welcker
983 1055 1009 1096 l.
1041 1055 1067 1097 1.
1099 1068 1135 1108 p.
1168 1055 1282 1107 244).
1318 1078 1363 1083 -
1399 1054 1602 1096 Graviora
1639 1054 1771 1108 igitur

242 1125 487 1179 argumenta
530 1124 707 1165 exhibeo.
779 1122 1080 1165 Gravissimum
1126 1121 1234 1163 enim
1277 1114 1317 1163 et
1365 1135 1443 1175 quo
1486 1124 1605 1175 poeta
1652 1121 1770 1175 quasi

241 1193 397 1235 invitus
438 1192 591 1233 indicet
634 1203 675 1232 se
720 1190 904 1232 fabulam
950 1189 1218 1242 Sophocleam
1265 1189 1305 1229 in
1357 1189 1514 1230 deliciis
1565 1189 1768 1242 habuisse,

241 1261 283 1302 id
314 1261 386 1310 est,
433 1259 540 1312 quod
573 1259 718 1310 chorus
748 1258 927 1311 primum
961 1257 1045 1298 vim
1078 1256 1243 1298 Amoris
1272 1256 1465 1298 laudibus
1500 1255 1695 1297 extollens
1725 1256 1770 1296 in

241 1328 348 1369 Ioles
390 1326 615 1379 exemplum
653 1325 800 1366 incidit
841 1338 876 1366 v.
910 1326 989 1366 545
1021 1337 1100 1378 sq.,
1146 1326 1271 1377 atque
1311 1323 1354 1365 id
1393 1324 1571 1377 primum
1616 1335 1769 1376 eorum,

242 1406 347 1448 quae
377 1393 612 1434 illustrandi
644 1406 766 1434 causa
798 1392 945 1446 adfert,
977 1392 1085 1446 quod
1107 1392 1283 1433 maxime
1304 1404 1442 1445 urgeo.
1509 1390 1637 1440 Adde,
1661 1390 1770 1444 quod

242 1461 290 1502 de
322 1461 486 1502 fabulae
518 1460 648 1501 forma
680 1460 847 1500 minime
879 1459 1085 1501 constanti
1115 1459 1274 1513 agitur,
1321 1459 1388 1500 sed
1420 1458 1580 1500 diversa
1610 1458 1770 1500 ratione

243 1541 266 1569 a
297 1527 564 1580 scriptoribus
594 1527 789 1568 tractata.
848 1527 986 1580 Atque
1026 1527 1111 1580 ipse
1151 1526 1368 1579 Sophocles
1407 1526 1492 1568 tale
1532 1525 1630 1579 quid
1661 1524 1771 1566 indi-

242 1607 333 1636 care
363 1594 526 1636 videtur
557 1595 748 1634 nuntium
778 1594 1055 1644 introducens,
1088 1594 1157 1646 qni
1188 1593 1357 1634 Licham
1389 1604 1629 1646 praeconem
1655 1604 1770 1633 men-

242 1661 349 1703 dacii
381 1662 572 1715 coarguit
603 1674 639 1701 v.
666 1662 744 1702 351
777 1674 848 1714 sq,
886 1661 993 1714 quod
1025 1660 1292 1711 contenderit,
1324 1660 1541 1702 Herculem
1574 1659 1770 1701 adversus

243 1728 481 1770 Oechaliam
514 1728 733 1769 exercitum
767 1728 938 1778 duxisse,
979 1729 1024 1769 ut
1060 1741 1100 1769 se
1131 1728 1360 1770 vindicaret
1391 1729 1442 1769 ab
1476 1727 1654 1781 Euryt03
1695 1726 1768 1776 ita,

243 1796 289 1836 ut
319 1795 465 1836 Lichas
497 1797 637 1848 postea
669 1809 706 1836 v.
736 1796 815 1836 471
847 1808 906 1848 sq.
940 1796 1075 1836 nuntii
1102 1796 1379 1837 narrationem
1411 1794 1631 1836 Herculem
1663 1793 1769 1835 Ioles

243 1875 380 1904 amore
410 1862 653 1916 fiagrantem
686 1863 922 1905 Oechaliam
955 1875 1211 1915 oppugnasse
1241 1863 1359 1903 unice
1386 1875 1525 1903 veram
1558 1874 1641 1902 esse
1671 1873 1769 1902 con-

244 1929 380 1970 cedere
410 1930 595 1981 cogatur.
654 1930 905 1984 Pherecydes
945 1931 1052 1971 enim
1086 1930 1134 1971 de
1169 1929 1344 1971 Hercule
1382 1929 1434 1970 ad
1467 1929 1669 1983 Eurytum
1701 1941 1768 1969 ve-

242 1996 378 2037 niente
422 1996 507 2038 ita:
557 1995 627 2037 καὶ
663 1990 751 2053 ᾔτει
794 1993 868 2053 τὴν
914 1996 1128 2050 θιγατέρα
1168 1996 1314 2048 (Iolen)
1353 1992 1496 2050 (Ὑλλῳ
1540 1996 1766 2050 γυναῖκα2;
1807 2001 1812 2003 “

243 2062 434 2115 quocirca
472 2063 581 2104 haud
612 2064 694 2105 scio
727 2077 779 2105 an
812 2063 1075 2117 Creophylus,
1108 2065 1177 2117 qui
1209 2064 1334 2105 lolem
1367 2064 1531 2117 quidem
1559 2063 1687 2112 novit,
1719 2062 1769 2104 de

242 2128 434 2170 Herculis
479 2142 616 2172 amore
657 2143 737 2172 non
782 2131 985 2172 cecinerit.
1016 2155 1070 2159 —
1099 2132 1136 2173 A
1168 2131 1365 2184 Sophocle
1394 2131 1537 2184 igitur,
1579 2130 1649 2184 qui
1693 2130 1770 2171 hoc

376 2298 386 2316 ¹
415 2298 551 2334 Scaena
570 2298 771 2342 Euripidea
788 2298 1027 2343 Aristophani
1048 2298 1205 2333 fortasse
1223 2298 1336 2333 bilem
1354 2298 1483 2342 movit,
1507 2301 1549 2332 ut
1575 2298 1613 2332 in
1628 2298 1768 2333 Achar-

242 2357 415 2392 nensibus
441 2359 676 2392 vulneratum
692 2358 918 2393 Lamachum
946 2359 983 2392 in
1009 2369 1179 2392 scaenam
1207 2358 1445 2402 adportatum
1472 2358 1605 2392 misere
1631 2358 1768 2392 lamen-

242 2418 381 2450 tantem
416 2416 583 2461 fingeret.
634 2418 745 2451 Initio
783 2418 879 2451 enim
911 2430 944 2452 v.
975 2418 1060 2450 1191
1093 2429 1144 2461 sq.
1178 2429 1325 2451 causam
1363 2417 1478 2451 cladis
1512 2416 1626 2450 simili
1657 2416 1767 2451 modo

243 2475 406 2519 exponit,
434 2487 504 2519 quo
524 2476 745 2520 Hippolytus
772 2488 805 2510 v.
828 2477 916 2510 1347
937 2488 988 2519 sq.
1040 2475 1220 2510 Similiter
1245 2475 1398 2510 comites
1421 2475 1595 2510 admonet
1619 2487 1652 2510 v,
1677 2475 1767 2509 1215

245 2536 354 2577 atque
378 2534 438 2568 hic
469 2547 502 2568 v.
534 2535 633 2568 1359.
664 2536 765 2578 1361,
806 2547 898 2580 quae
933 2535 1166 2578 Dicaeopolis
1205 2535 1360 2569 subinde
1398 2535 1437 2568 in
1475 2534 1675 2569 ridiculum
1707 2534 1768 2569 de-

245 2595 394 2635 torquet
432 2604 465 2626 v.
496 2594 595 2626 1216.
658 2594 796 2638 Neque,
835 2605 942 2638 quem
976 2593 1198 2638 Hippolytus
1238 2594 1388 2628 invocat
1422 2593 1569 2628 Paeana
1594 2606 1628 2628 v.
1661 2594 1764 2638 1373,

242 2649 448 2685 Lamachus
478 2651 678 2696 implorare
706 2653 849 2687 omittit
873 2665 906 2687 v.
938 2653 1036 2687 1212.

379 2709 391 2728 ²
418 2708 535 2743 Schol.
565 2709 673 2754 Soph.
699 2710 833 2745 Trach.
860 2712 939 2745 354.
993 2711 1130 2746 Contra
1155 2711 1370 2746 Herodorus
1408 2711 1482 2745 iam
1521 2711 1566 2745 de
1597 2709 1768 2745 Herculis

243 2768 280 2799 et
297 2766 391 2801 Ioles
416 2768 654 2802 matrimonio
672 2769 850 2803 narravit.
869 2769 986 2804 Schol.
1006 2770 1095 2804 Eur.
1114 2770 1200 2814 Hip.
1219 2772 1298 2804 545.
1327 2770 1380 2804 Cf.
1398 2770 1517 2805 Schol.
1536 2770 1644 2804 Hom.
1657 2782 1697 2814 φ.
1713 2768 1768 2803 22.

242 2824 512 2918 {HSchwartffl
553 2826 597 2861 de
623 2827 734 2862 schol.
761 2828 866 2863 Hom.
900 2829 946 2864 ad
978 2828 1063 2864 hist.
1095 2828 1168 2864 fab.
1194 2829 1394 2875 pertinent.
1434 2829 1613 2865 Fleckeis.
1639 2827 1764 2874 Suppl.

338 2895 373 2929 p.
400 2885 469 2918 446
497 2896 548 2930 sq.
