1912 3310
1007 216 1073 249 102

407 331 559 371 Verum
592 330 668 370 hoc
699 329 787 371 loco
816 329 1036 382 dissipatas
1066 328 1369 370 observationes
1401 327 1645 369 concludens
1675 340 1802 368 unum

276 398 422 438 notatu
452 397 625 450 dignum
659 396 789 437 denuo
820 397 992 449 tangam
1023 407 1182 436 necesse
1213 395 1295 436 est:
1335 395 1520 435 animum
1548 394 1711 435 libidini
1742 406 1805 434 re-

275 466 501 506 luctantem
519 465 684 518 eiusque
707 464 823 517 quasi
850 464 1041 504 naturam
1074 464 1113 503 et
1136 463 1219 502 viin
1250 462 1368 503 anxie
1397 461 1541 503 rimari
1574 474 1621 502 ac
1646 461 1806 502 ratione

275 532 462 585 frangere
493 533 741 578 conantem3
788 531 829 571 in
862 542 940 583 quo
973 528 1228 582 depingendo
1262 528 1437 569 maxime
1467 528 1575 581 apud
1610 527 1804 569 Ovidium

274 600 417 651 utpote
446 599 672 639 uberiorem
705 598 880 650 poetam,
913 596 979 637 cui
1003 595 1220 637 nonnullas
1249 595 1581 636 narratiunculas
1603 594 1805 647 subiunxi,

275 665 482 718 Euripidis
521 665 814 706 auctoritatem
845 663 980 716 detegi
1012 675 1125 715 posse
1160 662 1406 716 significavi.
1466 662 1597 715 Atqui
1643 662 1685 702 in
1728 662 1807 703 hac

275 745 317 772 re
349 732 452 772 nihil
487 744 584 772 sane
626 731 705 781 est,
752 730 860 783 quod
897 729 1131 776 demireris;
1176 729 1370 782 quoniam
1403 729 1618 782 Euripides
1650 728 1806 781 primus

276 811 457 841 amorem
489 798 673 839 omnium
708 797 836 838 animi
871 796 1227 849 perturbationum
1260 795 1662 837 vehementissimam
1693 795 1808 836 solli-

276 866 355 906 cite
402 865 450 906 de
495 877 536 906 se
578 864 664 917 ipso
716 864 1075 917 argumentantem
1123 864 1162 904 et
1203 856 1404 915 tanquam
1451 862 1512 903 sui
1558 862 1636 903 sibi
1680 862 1809 903 ratio—

277 946 365 974 nem
394 932 560 973 reddere
592 931 825 972 studentem
856 931 898 971 in
928 942 1116 971 scaenam
1147 930 1314 970 deduxit
1359 929 1526 970 minime
1568 928 1731 982 quidem
1763 940 1808 969 eo

276 1012 408 1048 sensu,
430 1000 485 1039 ‘ut
520 999 631 1039 recta
662 998 768 1038 ratio
800 997 1019 1038 libidinum
1051 997 1251 1049 impetum
1285 995 1504 1045 cohiberet,
1535 995 1576 1036 id
1609 995 1716 1048 quod
1748 994 1810 1035 fa-

278 1068 412 1107 cetum
450 1066 571 1106 illum
611 1065 812 1106 comicum
843 1064 1133 1105 Atheniensem
1171 1063 1222 1104 ad
1260 1062 1526 1103 deridendum
1565 1062 1656 1115 plus
1686 1062 1809 1103 semel

276 1133 499 1174 inliciebat.
573 1133 720 1185 Itaque
764 1131 857 1172 inde
901 1131 952 1171 ab
999 1130 1193 1182 Euripide
1238 1130 1326 1170 toto
1373 1141 1519 1182 genere
1556 1130 1810 1170 disiunctum

278 1201 474 1241 habemus
503 1211 683 1240 amorem
715 1209 874 1239 merum
907 1210 1068 1238 sensum
1101 1198 1141 1238 et
1173 1209 1352 1238 amorem
1383 1196 1511 1237 animi
1542 1197 1700 1238 motum
1722 1209 1812 1249 per-

277 1267 505 1318 turbatum,
553 1278 631 1319 quo
676 1265 911 1307 accuratius
963 1277 1085 1317 quam
1133 1264 1362 1317 elegantius
1395 1263 1574 1304 Bulweri
1611 1263 1811 1305 iudicium

279 1333 523 1375 adumbrare
555 1334 726 1374 conatus
757 1345 847 1373 sum
864 1331 888 1373 1.
925 1354 980 1359 -—
1011 1332 1149 1384 Atque
1178 1331 1254 1372 hac
1286 1331 1571 1372 observatione
1602 1330 1725 1371 simul
1755 1330 1811 1372 eis

279 1400 559 1441 dubitationes
591 1399 752 1440 evulsas
785 1399 903 1451 volo,
949 1398 1019 1451 qui
1058 1397 1342 1450 praeiudicata
1372 1399 1412 1438 et
1442 1398 1626 1450 captiosa
1656 1409 1811 1450 semper

278 1467 321 1508 in
363 1467 426 1507 his
468 1467 587 1508 rebus
633 1466 822 1519 opinione
868 1465 1169 1518 circumscripti
1212 1477 1259 1505 ac
1296 1465 1454 1518 decepti
1489 1464 1540 1506 ad
1572 1464 1812 1518 explicanda

281 1534 362 1575 ista
395 1536 638 1575 ornamenta
677 1534 850 1574 naturae
891 1533 1008 1586 quasi
1048 1532 1169 1573 fidem
1211 1533 1414 1578 testentur
1458 1532 1544 1573 stili
1586 1544 1814 1584 congruen-

279 1601 382 1642 tiam
417 1601 718 1654 neglegentes‘2.
780 1601 844 1640 An
886 1612 981 1641 casu
1021 1599 1201 1640 evenisse
1233 1599 1425 1652 opinaris,
1456 1600 1503 1640 ut
1534 1599 1576 1640 in
1609 1599 1813 1640 similibus

281 1669 462 1721 antiquis
497 1668 648 1709 fabulis
686 1668 817 1720 iisque
854 1667 1076 1708 liberis'ab
1111 1666 1320 1719 Euripidis
1353 1666 1604 1707 auctoritate
1635 1678 1715 1707 non
1746 1678 1814 1707 oc-

282 1736 449 1776 currant
480 1736 668 1776 similia?
728 1735 930 1775 Pindarus
962 1735 1080 1780 certe.
1116 1734 1186 1786 qui
1217 1734 1381 1774 uberius
1403 1733 1653 1787 Hippolytae
1671 1733 1814 1774 Acasti

282 1803 416 1843 uxoris
454 1802 753 1844 clandestinam
784 1802 996 1843 libidinem
1029 1801 1223 1854 dolosque
1265 1802 1444 1850 cantat-³,
1490 1801 1567 1841 sibi
1612 1801 1815 1853 temperat

282 1870 332 1911 ab
368 1871 444 1911 hac
485 1870 819 1922 amplificatione.
878 1869 1020 1922 Neque
1065 1868 1212 1922 Myrtis
1256 1868 1433 1921 poetria,
1480 1868 1595 1909 cuius
1637 1867 1814 1908 similem

420 2011 430 2029 ¹
455 2009 552 2043 ‘The
585 2009 801 2043 distinction
839 2010 1006 2044 between
1041 2010 1124 2044 love
1163 2021 1201 2043 as
1237 2021 1257 2043 a
1298 2009 1446 2053 passion
1486 2009 1559 2043 and
1597 2009 1681 2043 love
1720 2020 1758 2043 as
1796 2021 1816 2043 a

283 2066 522 2112 sentinient’3
568 2068 613 2103 ef.
643 2068 773 2102 Rohde
806 2069 828 2102 l.
856 2069 877 2102 1.
916 2080 952 2112 p.
981 2070 1036 2103 55.
1064 2072 1096 2102 4.
1148 2069 1190 2102 Ε.
1221 2069 1378 2103 Mueller
1405 2067 1532 2102 Gesch.
1561 2067 1594 2101 d.
1621 2067 1753 2102 Theor.
1781 2068 1814 2102 d.

282 2129 405 2162 Kunst
430 2129 465 2161 b.
493 2128 526 2161 d.
555 2127 630 2161 Alt.
660 2127 675 2160 I
700 2139 735 2170 p.
764 2127 829 2160 148
856 2139 907 2171 sq.
939 2147 980 2151 —-
1009 2127 1251 2161 Fabulatores
1279 2138 1424 2170 quoque
1443 2126 1714 2160 Alexandrinos
1741 2130 1815 2161 tra·

282 2187 355 2232 gici
391 2187 558 2230 exemplo
592 2197 674 2220 usos
708 2186 864 2220 amentis
898 2186 1012 2220 animi
1053 2185 1328 2230 perturbationi
1371 2181 1479 2219 νόσου
1516 2197 1650 2220 nomen
1689 2186 1816 2221 indere

284 2245 590 2280 animadvertisti.
641 2246 693 2278 At
720 2256 817 2284 cave,
844 2257 890 2278 ne
917 2245 1001 2278 inde
1029 2256 1110 2278 cum
1128 2244 1273 2278 Rohdio
1301 2244 1338 2288 (l.
1356 2245 1378 2278 l.
1398 2256 1432 2288 p.
1449 2246 1521 2287 28),
1548 2245 1606 2279 cui
1622 2245 1816 2290 Limburg-

284 2305 459 2339 Brouwer
490 2304 661 2348 (histoire
687 2304 731 2338 de
758 2305 793 2338 la
821 2304 950 2338 civilis.
982 2304 1015 2338 d.
1045 2304 1154 2338 Grecs
1183 2304 1199 2337 I
1225 2316 1260 2348 p.
1289 2304 1371 2347 151)
1408 2304 1582 2348 praeivit,
1621 2305 1816 2339 concludas

285 2364 441 2398 Graecos
470 2363 672 2407 quemlibet
698 2375 860 2397 amorem
894 2375 962 2407 pro
989 2363 1162 2397 morboso
1187 2363 1303 2397 'animi
1329 2362 1463 2397 affectu
1489 2363 1672 2397 habuisse.
1721 2363 1817 2397 Nam

283 2422 360 2456 fere.
395 2422 432 2455 in
468 2422 638 2455 omnibus
677 2422 733 2456 his
773 2422 949 2466 exemplis
987 2422 1111 2466 agitur
1146 2422 1190 2455 de
1228 2422 1402 2466 cupidine
1436 2425 1591 2456 naturae
1625 2434 1817 2457 morumve

283 2481 426 2525 legibus
453 2483 708 2525 repugnante,
751 2493 796 2515 ne
823 2484 977 2525 excepto
1005 2480 1155 2524 quidem
1181 2481 1352 2515 Herculis
1379 2481 1417 2514 in
1443 2481 1545 2515 Iolen
1578 2492 1714 2524 amore,
1753 2481 1816 2525 qui

286 2540 481 2573 Deianirae
499 2540 650 2574 illicitus
669 2540 787 2574 videri
807 2540 946 2574 debuit.
987 2539 1127 2582 Quibus
1156 2541 1185 2574 si
1211 2540 1320 2584 plura
1347 2543 1542 2574 cont-exere
1565 2540 1744 2583 studeam,
1771 2540 1817 2574 de

285 2599 420 2632 amoris
447 2602 593 2641 natura,
621 2599 767 2642 qualern
789 2599 918 2633 Graeci
939 2600 1070 2633 animis
1097 2599 1457 2643 comprehenderint,
1485 2599 1531 2633 ad
1557 2599 1815 2642 philosopham

285 2657 499 2701 indaginem
524 2657 760 2701 profecturus
787 2658 927 2700 videor,
971 2670 1092 2702 quani,
1132 2659 1220 2692 licet
1246 2659 1284 2692 in
1311 2658 1524 2703 regionibus
1551 2658 1816 2692 amoenissimis

286 2716 430 2749 animus
456 2717 687 2760 peregrinari
713 2719 875 2760 expetat,
908 2717 953 2750 ab
980 2717 1087 2751 huius
1114 2718 1184 2752 loci
1211 2717 1393 2762 angustiis
1420 2728 1615 2762 segregare
1642 2716 1767 2750 malui.

419 2775 432 2794 *2
459 2774 654 2808 Subtiliter
681 2778 717 2808 et
743 2778 848 2809 acute
868 2775 997 2809 Rohde
1024 2776 1102 2819 (1.1.
1121 2788 1155 2820 p.
1175 2777 1254 2817 165)
1282 2775 1377 2810 hanc
1403 2775 1659 2819 quaestionem
1677 2774 1816 2819 tetigit.

422 2833 435 2852 ³
462 2833 564 2867 Nem.
594 2833 637 2874 V,
672 2834 718 2867 26
744 2834 821 2878 (46)
854 2846 924 2878 sq.;
967 2834 1012 2868 cf.
1040 2834 1143 2868 Nem.
1169 2834 1232 2877 IV,
1269 2835 1313 2868 56
1339 2835 1413 2878 (91)
1442 2846 1494 2878 sq.
1552 2832 1724 2877 Apollod.
1750 2832 1815 2874 III,

290 2893 342 2925 13.
371 2893 402 2926 3.
454 2891 573 2926 Sehol.
601 2893 724 2936 Apoll.
752 2892 871 2927 Rhod.
898 2893 927 2936 Ι,
953 2894 1033 2927 224.
1085 2893 1204 2928 Schol.
1230 2894 1347 2928 Arist.
1373 2893 1469 2927 Nub.
1500 2894 1601 2927 1063.
1674 2903 1677 2905 ·
