<?xml version="1.0" encoding="UTF-8"?>
<!DOCTYPE html PUBLIC "-//W3C//DTD XHTML 1.0 Transitional//EN"
    "http://www.w3.org/TR/xhtml1/DTD/xhtml1-transitional.dtd">
<html xmlns="http://www.w3.org/1999/xhtml" xml:lang="en" lang="en">
 <head>
  <title>
</title>
<meta http-equiv="Content-Type" content="text/html;charset=utf-8" />
  <meta name='ocr-system' content='tesseract 3.04.00' />
  <meta name='ocr-capabilities' content='ocr_page ocr_carea ocr_par ocr_line ocrx_word'/>
</head>
<body>
  <div class='ocr_page' id='page_1' title='image "./dehippolytiseuri00kalkuoft_0069.png"; bbox 0 0 1912 3310; ppageno 0'>
   <div class='ocr_carea' id='block_1_1' title="bbox 0 149 20 412">
    <p class='ocr_par' dir='ltr' id='par_1_1' title="bbox 0 149 20 412">
     <span class='ocr_line' id='line_1_1' title="bbox 0 149 20 412; textangle 90"><span class='ocrx_word' id='word_1_1' title='bbox 0 298 14 412; x_wconf 59' lang='lat' dir='ltr'>rv-ur-uv</span> <span class='ocrx_word' id='word_1_2' title='bbox 0 245 18 282; x_wconf 41' lang='grc' dir='ltr'>γ’»</span> <span class='ocrx_word' id='word_1_3' title='bbox 9 149 20 168; x_wconf 75' lang='grc'>,.</span> 
     </span>
    </p>
   </div>
   <div class='ocr_carea' id='block_1_2' title="bbox 0 871 30 1284">
    <p class='ocr_par' dir='ltr' id='par_1_2' title="bbox 0 871 30 1284">
     <span class='ocr_line' id='line_1_2' title="bbox 0 871 30 1284; baseline 0 2026"><span class='ocrx_word' id='word_1_4' title='bbox 0 871 30 1284; x_wconf 95' lang='lat' dir='ltr'> </span> 
     </span>
    </p>
   </div>
   <div class='ocr_carea' id='block_1_3' title="bbox 838 207 882 241">
    <p class='ocr_par' dir='ltr' id='par_1_3' title="bbox 838 207 882 241">
     <span class='ocr_line' id='line_1_3' title="bbox 838 207 882 241; baseline 0 0"><span class='ocrx_word' id='word_1_5' title='bbox 838 207 882 241; x_wconf 87' lang='grc'>65</span> 
     </span>
    </p>
   </div>
   <div class='ocr_carea' id='block_1_4' title="bbox 97 314 1629 436">
    <p class='ocr_par' dir='ltr' id='par_1_4' title="bbox 97 314 1629 433">
     <span class='ocr_line' id='line_1_4' title="bbox 97 314 1628 378; baseline 0.008 -23"><span class='ocrx_word' id='word_1_6' title='bbox 97 314 379 368; x_wconf 87' lang='lat' dir='ltr'>gravescentis</span> <span class='ocrx_word' id='word_1_7' title='bbox 420 329 618 359; x_wconf 83' lang='lat' dir='ltr'>novercae</span> <span class='ocrx_word' id='word_1_8' title='bbox 656 318 847 361; x_wconf 90' lang='lat' dir='ltr'>desiderii</span> <span class='ocrx_word' id='word_1_9' title='bbox 881 322 1033 363; x_wconf 85' lang='lat' dir='ltr'>colores</span> <span class='ocrx_word' id='word_1_10' title='bbox 1064 323 1239 375; x_wconf 80' lang='lat' dir='ltr'>reperies</span> <span class='ocrx_word' id='word_1_11' title='bbox 1266 323 1308 364; x_wconf 91' lang='lat' dir='ltr'>in</span> <span class='ocrx_word' id='word_1_12' title='bbox 1340 324 1536 378; x_wconf 68' lang='lat' dir='ltr'>Byblidos</span> <span class='ocrx_word' id='word_1_13' title='bbox 1566 325 1628 368; x_wconf 87' lang='lat' dir='ltr'>fa-</span> 
     </span>
     <span class='ocr_line' id='line_1_5' title="bbox 102 381 1629 436; baseline 0.007 -14"><span class='ocrx_word' id='word_1_14' title='bbox 102 381 214 423; x_wconf 89' lang='lat' dir='ltr'>bula.</span> <span class='ocrx_word' id='word_1_15' title='bbox 275 381 456 436; x_wconf 83' lang='lat' dir='ltr'>Onemon</span> <span class='ocrx_word' id='word_1_16' title='bbox 494 383 601 425; x_wconf 88' lang='lat' dir='ltr'>enim</span> <span class='ocrx_word' id='word_1_17' title='bbox 644 385 693 426; x_wconf 90' lang='lat' dir='ltr'>de</span> <span class='ocrx_word' id='word_1_18' title='bbox 732 398 906 428; x_wconf 77' lang='lat' dir='ltr'>noverca</span> <span class='ocrx_word' id='word_1_19' title='bbox 948 388 1047 429; x_wconf 88' lang='grc'>11366</span> <span class='ocrx_word' id='word_1_20' title='bbox 1084 390 1243 430; x_wconf 79' lang='lat' dir='ltr'>narrzat</span> <span class='ocrx_word' id='word_1_21' title='bbox 1292 405 1357 430; x_wconf 80' lang='grc' dir='ltr'>και</span> <span class='ocrx_word' id='word_1_22' title='bbox 1405 407 1512 432; x_wconf 82' lang='grc' dir='ltr'><strong><em>ποτε</em></strong></span> <span class='ocrx_word' id='word_1_23' title='bbox 1559 391 1629 433; x_wconf 80' lang='grc' dir='ltr'>καὶ</span> 
     </span>
    </p>
   </div>
   <div class='ocr_carea' id='block_1_5' title="bbox 48 445 1625 512">
    <p class='ocr_par' dir='ltr' id='par_1_5' title="bbox 48 445 1625 512">
     <span class='ocr_line' id='line_1_6' title="bbox 48 445 1625 512; baseline 0.007 -24"><span class='ocrx_word' id='word_1_24' title='bbox 48 461 50 465; x_wconf 74' lang='grc'>’</span> <span class='ocrx_word' id='word_1_25' title='bbox 97 445 300 502; x_wconf 76' lang='grc' dir='ltr'><strong><em>ἐφίλησεν</em></strong></span> <span class='ocrx_word' id='word_1_26' title='bbox 335 463 386 489; x_wconf 89' lang='grc' dir='ltr'><strong><em>αν</em></strong></span> <span class='ocrx_word' id='word_1_27' title='bbox 424 449 735 503; x_wconf 76' lang='grc' dir='ltr'>προςελθοισα</span> <span class='ocrx_word' id='word_1_28' title='bbox 771 452 842 494; x_wconf 81' lang='grc' dir='ltr'>καὶ</span> <span class='ocrx_word' id='word_1_29' title='bbox 885 446 1074 496; x_wconf 75' lang='grc' dir='ltr'><strong><em>όνασθαί</em></strong></span> <span class='ocrx_word' id='word_1_30' title='bbox 1109 471 1193 508; x_wconf 65' lang='grc' dir='ltr'>μοῑ</span> <span class='ocrx_word' id='word_1_31' title='bbox 1232 458 1419 509; x_wconf 67' lang='grc' dir='ltr'><strong><em>σινεχιῦς</em></strong></span> <span class='ocrx_word' id='word_1_32' title='bbox 1457 451 1625 512; x_wconf 63' lang='grc' dir='ltr'><strong><em>ῃῖξατο.</em></strong></span> 
     </span>
    </p>
   </div>
   <div class='ocr_carea' id='block_1_6' title="bbox 95 513 1631 2114">
    <p class='ocr_par' dir='ltr' id='par_1_6' title="bbox 97 513 1623 636">
     <span class='ocr_line' id='line_1_7' title="bbox 97 513 1623 578; baseline 0.007 -22"><span class='ocrx_word' id='word_1_33' title='bbox 97 514 193 557; x_wconf 82' lang='lat' dir='ltr'>Mox</span> <span class='ocrx_word' id='word_1_34' title='bbox 232 514 303 556; x_wconf 84' lang='grc' dir='ltr'>καὶ</span> <span class='ocrx_word' id='word_1_35' title='bbox 348 513 598 571; x_wconf 76' lang='grc' dir='ltr'><strong><em>θερμότερα</em></strong></span> <span class='ocrx_word' id='word_1_36' title='bbox 641 515 690 574; x_wconf 78' lang='grc' dir='ltr'><strong><em>ἦν</em></strong></span> <span class='ocrx_word' id='word_1_37' title='bbox 726 516 779 561; x_wconf 74' lang='grc' dir='ltr'>τὰ</span> <span class='ocrx_word' id='word_1_38' title='bbox 816 517 1037 578; x_wconf 76' lang='grc' dir='ltr'><em>φιλήματα</em></span> <span class='ocrx_word' id='word_1_39' title='bbox 1072 523 1155 564; x_wconf 73' lang='grc' dir='ltr'>τοῦ</span> <span class='ocrx_word' id='word_1_40' title='bbox 1195 522 1455 576; x_wconf 70' lang='grc' dir='ltr'><em>πρέποντος.</em></span> <span class='ocrx_word' id='word_1_41' title='bbox 1516 525 1623 577; x_wconf 83' lang='lat' dir='ltr'><strong>Quid</strong></span> 
     </span>
     <span class='ocr_line' id='line_1_8' title="bbox 98 582 560 636; baseline 0.002 -12"><span class='ocrx_word' id='word_1_42' title='bbox 98 582 276 636; x_wconf 80' lang='lat' dir='ltr'>Byblis?</span> <span class='ocrx_word' id='word_1_43' title='bbox 555 605 560 608; x_wconf 89' lang='lat'>·</span> 
     </span>
    </p>

    <p class='ocr_par' dir='ltr' id='par_1_7' title="bbox 294 650 1293 712">
     <span class='ocr_line' id='line_1_9' title="bbox 294 650 1293 712; baseline 0.008 -20"><span class='ocrx_word' id='word_1_44' title='bbox 294 650 376 693; x_wconf 87' lang='lat' dir='ltr'>Illa</span> <span class='ocrx_word' id='word_1_45' title='bbox 406 651 571 705; x_wconf 87' lang='lat' dir='ltr'>quidem</span> <span class='ocrx_word' id='word_1_46' title='bbox 603 653 736 706; x_wconf 88' lang='lat' dir='ltr'>primo</span> <span class='ocrx_word' id='word_1_47' title='bbox 767 655 900 697; x_wconf 91' lang='lat' dir='ltr'>nullos</span> <span class='ocrx_word' id='word_1_48' title='bbox 930 656 1137 712; x_wconf 67' lang='lat' dir='ltr'>intellegit]</span> <span class='ocrx_word' id='word_1_49' title='bbox 1165 659 1293 712; x_wconf 85' lang='lat' dir='ltr'>ignes,</span> 
     </span>
    </p>

    <p class='ocr_par' dir='ltr' id='par_1_8' title="bbox 295 721 1427 779">
     <span class='ocr_line' id='line_1_10' title="bbox 295 721 1427 779; baseline 0.007 -20"><span class='ocrx_word' id='word_1_50' title='bbox 295 731 369 760; x_wconf 90' lang='lat' dir='ltr'>nec</span> <span class='ocrx_word' id='word_1_51' title='bbox 397 731 564 772; x_wconf 86' lang='lat' dir='ltr'>peccare</span> <span class='ocrx_word' id='word_1_52' title='bbox 595 721 729 771; x_wconf 83' lang='lat' dir='ltr'>putat,</span> <span class='ocrx_word' id='word_1_53' title='bbox 766 722 874 774; x_wconf 88' lang='lat' dir='ltr'>quod</span> <span class='ocrx_word' id='word_1_54' title='bbox 905 723 1065 776; x_wconf 87' lang='lat' dir='ltr'>saepius</span> <span class='ocrx_word' id='word_1_55' title='bbox 1097 725 1235 767; x_wconf 87' lang='lat' dir='ltr'>oscula</span> <span class='ocrx_word' id='word_1_56' title='bbox 1265 726 1427 779; x_wconf 82' lang='lat' dir='ltr'>iungat,</span> 
     </span>
    </p>

    <p class='ocr_par' dir='ltr' id='par_1_9' title="bbox 96 785 1629 1177">
     <span class='ocr_line' id='line_1_11' title="bbox 297 785 1353 839; baseline 0.007 -13"><span class='ocrx_word' id='word_1_57' title='bbox 297 785 405 839; x_wconf 90' lang='lat' dir='ltr'>quod</span> <span class='ocrx_word' id='word_1_58' title='bbox 433 798 507 828; x_wconf 89' lang='lat' dir='ltr'>sua</span> <span class='ocrx_word' id='word_1_59' title='bbox 541 786 722 828; x_wconf 88' lang='lat' dir='ltr'>fraterno</span> <span class='ocrx_word' id='word_1_60' title='bbox 756 787 981 831; x_wconf 72' lang='lat' dir='ltr'>circumdet</span> <span class='ocrx_word' id='word_1_61' title='bbox 1012 791 1206 833; x_wconf 85' lang='lat' dir='ltr'>bracchia</span> <span class='ocrx_word' id='word_1_62' title='bbox 1238 792 1353 833; x_wconf 88' lang='lat' dir='ltr'>collo.</span> 
     </span>
     <span class='ocr_line' id='line_1_12' title="bbox 97 850 1628 911; baseline 0.006 -19"><span class='ocrx_word' id='word_1_63' title='bbox 97 850 172 893; x_wconf 88' lang='lat' dir='ltr'>Ov.</span> <span class='ocrx_word' id='word_1_64' title='bbox 204 852 285 893; x_wconf 85' lang='lat'>457</span> <span class='ocrx_word' id='word_1_65' title='bbox 308 864 367 905; x_wconf 89' lang='lat' dir='ltr'>sq.</span> <span class='ocrx_word' id='word_1_66' title='bbox 396 876 441 881; x_wconf 92' lang='lat'><strong>—</strong></span> <span class='ocrx_word' id='word_1_67' title='bbox 466 852 715 895; x_wconf 86' lang='lat' dir='ltr'>Demaenete</span> <span class='ocrx_word' id='word_1_68' title='bbox 743 855 790 896; x_wconf 88' lang='lat' dir='ltr'>ut</span> <span class='ocrx_word' id='word_1_69' title='bbox 822 855 964 909; x_wconf 68' lang='lat' dir='ltr'>B3blis</span> <span class='ocrx_word' id='word_1_70' title='bbox 996 870 1032 898; x_wconf 91' lang='lat' dir='ltr'>v.</span> <span class='ocrx_word' id='word_1_71' title='bbox 1059 858 1140 898; x_wconf 85' lang='grc'>466</span> <span class='ocrx_word' id='word_1_72' title='bbox 1162 871 1219 911; x_wconf 89' lang='lat' dir='ltr'>sq.</span> <span class='ocrx_word' id='word_1_73' title='bbox 1253 859 1377 900; x_wconf 82' lang='lat' dir='ltr'>variis</span> <span class='ocrx_word' id='word_1_74' title='bbox 1400 859 1628 901; x_wconf 86' lang='lat' dir='ltr'>invocatio-</span> 
     </span>
     <span class='ocr_line' id='line_1_13' title="bbox 96 917 1626 978; baseline 0.005 -19"><span class='ocrx_word' id='word_1_75' title='bbox 96 917 218 960; x_wconf 85' lang='lat' dir='ltr'>nibus</span> <span class='ocrx_word' id='word_1_76' title='bbox 247 918 455 973; x_wconf 75' lang='lat' dir='ltr'>indulget:</span> <span class='ocrx_word' id='word_1_77' title='bbox 487 919 562 960; x_wconf 82' lang='grc' dir='ltr'>νῦν</span> <span class='ocrx_word' id='word_1_78' title='bbox 581 918 697 972; x_wconf 48' lang='grc' dir='ltr'><strong><em>μὲν]</em></strong></span> <span class='ocrx_word' id='word_1_79' title='bbox 687 920 863 962; x_wconf 74' lang='grc' dir='ltr'><strong><em>παιδίον</em></strong></span> <span class='ocrx_word' id='word_1_80' title='bbox 894 924 964 964; x_wconf 77' lang='grc' dir='ltr'>νῦν</span> <span class='ocrx_word' id='word_1_81' title='bbox 995 923 1073 964; x_wconf 73' lang='grc' dir='ltr'>δὲ</span> <span class='ocrx_word' id='word_1_82' title='bbox 1062 921 1320 976; x_wconf 73' lang='grc' dir='ltr'>γλικέτατοι</span> <span class='ocrx_word' id='word_1_83' title='bbox 1342 919 1626 978; x_wconf 78' lang='grc' dir='ltr'>οιοιιάζοισα,</span> 
     </span>
     <span class='ocr_line' id='line_1_14' title="bbox 96 982 1628 1046; baseline 0.006 -21.006"><span class='ocrx_word' id='word_1_84' title='bbox 96 983 166 1025; x_wconf 82' lang='grc' dir='ltr'>καὶ</span> <span class='ocrx_word' id='word_1_85' title='bbox 187 982 323 1035; x_wconf 73' lang='grc' dir='ltr'><em>αὖθις</em></span> <span class='ocrx_word' id='word_1_86' title='bbox 341 982 608 1041; x_wconf 77' lang='grc' dir='ltr'><strong><em>κληρονόμον</em></strong></span> <span class='ocrx_word' id='word_1_87' title='bbox 632 986 701 1028; x_wconf 82' lang='grc' dir='ltr'>καὶ</span> <span class='ocrx_word' id='word_1_88' title='bbox 723 989 816 1040; x_wconf 75' lang='grc' dir='ltr'>μετ’</span> <span class='ocrx_word' id='word_1_89' title='bbox 840 982 984 1043; x_wconf 73' lang='grc' dir='ltr'>ολι”γο1</span> <span class='ocrx_word' id='word_1_90' title='bbox 1006 987 1146 1046; x_wconf 62' lang='grc' dir='ltr'><strong><em>ψυχὴν</em></strong></span> <span class='ocrx_word' id='word_1_91' title='bbox 1167 988 1295 1045; x_wconf 62' lang='grc' dir='ltr'>ἓαυῖτν</span> <span class='ocrx_word' id='word_1_92' title='bbox 1301 1008 1321 1041; x_wconf 77' lang='grc' dir='ltr'>ς</span> <span class='ocrx_word' id='word_1_93' title='bbox 1348 985 1571 1033; x_wconf 72' lang='grc' dir='ltr'>ἅποκαλῦο</span> <span class='ocrx_word' id='word_1_94' title='bbox 1566 1007 1628 1034; x_wconf 84' lang='grc' dir='ltr'>σα</span> 
     </span>
     <span class='ocr_line' id='line_1_15' title="bbox 96 1051 1629 1114; baseline 0.006 -21"><span class='ocrx_word' id='word_1_95' title='bbox 96 1051 184 1093; x_wconf 81' lang='grc' dir='ltr'><em>κτλ.</em></span> <span class='ocrx_word' id='word_1_96' title='bbox 243 1053 462 1095; x_wconf 90' lang='lat' dir='ltr'>Praeterea</span> <span class='ocrx_word' id='word_1_97' title='bbox 502 1054 607 1095; x_wconf 90' lang='lat' dir='ltr'>illud</span> <span class='ocrx_word' id='word_1_98' title='bbox 649 1051 917 1110; x_wconf 68' lang='grc' dir='ltr'><strong><em>κληροιόιιον</em></strong></span> <span class='ocrx_word' id='word_1_99' title='bbox 953 1057 995 1098; x_wconf 86' lang='grc'>111</span> <span class='ocrx_word' id='word_1_100' title='bbox 1040 1058 1279 1100; x_wconf 85' lang='lat' dir='ltr'>memoriam</span> <span class='ocrx_word' id='word_1_101' title='bbox 1322 1059 1438 1101; x_wconf 89' lang='lat' dir='ltr'>nobis</span> <span class='ocrx_word' id='word_1_102' title='bbox 1478 1060 1629 1114; x_wconf 77' lang='lat' dir='ltr'>redigit</span> 
     </span>
     <span class='ocr_line' id='line_1_16' title="bbox 97 1119 905 1177; baseline 0.005 -16"><span class='ocrx_word' id='word_1_103' title='bbox 97 1119 346 1162; x_wconf 87' lang='lat' dir='ltr'>Ovidianam</span> <span class='ocrx_word' id='word_1_104' title='bbox 377 1120 609 1163; x_wconf 84' lang='lat' dir='ltr'>Phaedram</span> <span class='ocrx_word' id='word_1_105' title='bbox 641 1135 679 1164; x_wconf 88' lang='lat' dir='ltr'>v.</span> <span class='ocrx_word' id='word_1_106' title='bbox 715 1124 793 1164; x_wconf 83' lang='lat'>163</span> <span class='ocrx_word' id='word_1_107' title='bbox 825 1136 905 1177; x_wconf 77' lang='lat' dir='ltr'>sq:</span> 
     </span>
    </p>

    <p class='ocr_par' dir='ltr' id='par_1_10' title="bbox 364 1189 1377 1312">
     <span class='ocr_line' id='line_1_17' title="bbox 364 1189 1377 1245; baseline 0.006 -16"><span class='ocrx_word' id='word_1_108' title='bbox 364 1189 425 1229; x_wconf 89' lang='lat' dir='ltr'>est</span> <span class='ocrx_word' id='word_1_109' title='bbox 455 1189 557 1230; x_wconf 90' lang='lat' dir='ltr'>mihi</span> <span class='ocrx_word' id='word_1_110' title='bbox 588 1189 739 1231; x_wconf 85' lang='lat' dir='ltr'>dotalis</span> <span class='ocrx_word' id='word_1_111' title='bbox 771 1191 894 1232; x_wconf 86' lang='lat' dir='ltr'>tellus</span> <span class='ocrx_word' id='word_1_112' title='bbox 924 1192 1032 1233; x_wconf 86' lang='lat' dir='ltr'>Iovis</span> <span class='ocrx_word' id='word_1_113' title='bbox 1062 1192 1210 1243; x_wconf 88' lang='lat' dir='ltr'>insula,</span> <span class='ocrx_word' id='word_1_114' title='bbox 1242 1192 1377 1245; x_wconf 83' lang='lat' dir='ltr'>Crete3</span> 
     </span>
     <span class='ocr_line' id='line_1_18' title="bbox 428 1256 1234 1312; baseline 0.004 -14"><span class='ocrx_word' id='word_1_115' title='bbox 428 1256 583 1298; x_wconf 88' lang='lat' dir='ltr'>Serviat</span> <span class='ocrx_word' id='word_1_116' title='bbox 614 1256 841 1312; x_wconf 63' lang='lat' dir='ltr'>Hippolyto</span> <span class='ocrx_word' id='word_1_117' title='bbox 869 1259 982 1312; x_wconf 82' lang='lat' dir='ltr'>regia</span> <span class='ocrx_word' id='word_1_118' title='bbox 1013 1260 1102 1300; x_wconf 86' lang='lat' dir='ltr'>tota</span> <span class='ocrx_word' id='word_1_119' title='bbox 1133 1272 1234 1301; x_wconf 89' lang='lat' dir='ltr'>meo.</span> 
     </span>
    </p>

    <p class='ocr_par' dir='ltr' id='par_1_11' title="bbox 95 1320 1631 2114">
     <span class='ocr_line' id='line_1_19' title="bbox 99 1320 1629 1377; baseline 0.002 -13"><span class='ocrx_word' id='word_1_120' title='bbox 99 1320 218 1377; x_wconf 84' lang='lat' dir='ltr'>Cave,</span> <span class='ocrx_word' id='word_1_121' title='bbox 264 1335 313 1364; x_wconf 90' lang='lat' dir='ltr'>ne</span> <span class='ocrx_word' id='word_1_122' title='bbox 353 1322 581 1365; x_wconf 87' lang='lat' dir='ltr'>malevolus</span> <span class='ocrx_word' id='word_1_123' title='bbox 618 1324 811 1377; x_wconf 80' lang='lat' dir='ltr'>gaudeas,</span> <span class='ocrx_word' id='word_1_124' title='bbox 859 1325 892 1366; x_wconf 86' lang='lat' dir='ltr'>si</span> <span class='ocrx_word' id='word_1_125' title='bbox 924 1325 1076 1367; x_wconf 87' lang='lat' dir='ltr'>similia</span> <span class='ocrx_word' id='word_1_126' title='bbox 1113 1325 1250 1367; x_wconf 83' lang='lat' dir='ltr'>forsan</span> <span class='ocrx_word' id='word_1_127' title='bbox 1282 1326 1322 1366; x_wconf 91' lang='lat' dir='ltr'>in</span> <span class='ocrx_word' id='word_1_128' title='bbox 1355 1326 1447 1368; x_wconf 90' lang='lat' dir='ltr'>aliis</span> <span class='ocrx_word' id='word_1_129' title='bbox 1479 1327 1629 1368; x_wconf 85' lang='lat' dir='ltr'>fabulis</span> 
     </span>
     <span class='ocr_line' id='line_1_20' title="bbox 95 1389 1629 1445; baseline 0.003 -15"><span class='ocrx_word' id='word_1_130' title='bbox 95 1389 319 1438; x_wconf 87' lang='lat' dir='ltr'>inveneris;</span> <span class='ocrx_word' id='word_1_131' title='bbox 349 1390 684 1432; x_wconf 74' lang='lat' dir='ltr'>testimoniorum</span> <span class='ocrx_word' id='word_1_132' title='bbox 715 1392 906 1432; x_wconf 90' lang='lat' dir='ltr'>mutuum</span> <span class='ocrx_word' id='word_1_133' title='bbox 941 1404 1183 1433; x_wconf 87' lang='lat' dir='ltr'>consensum</span> <span class='ocrx_word' id='word_1_134' title='bbox 1205 1405 1356 1445; x_wconf 88' lang='lat' dir='ltr'>premo.</span> <span class='ocrx_word' id='word_1_135' title='bbox 1404 1393 1629 1435; x_wconf 80' lang='lat' dir='ltr'>Subtiliora</span> 
     </span>
     <span class='ocr_line' id='line_1_21' title="bbox 98 1457 1629 1512; baseline 0.002 -14"><span class='ocrx_word' id='word_1_136' title='bbox 98 1457 236 1498; x_wconf 84' lang='lat' dir='ltr'>autem</span> <span class='ocrx_word' id='word_1_137' title='bbox 266 1457 366 1498; x_wconf 88' lang='lat' dir='ltr'>haec</span> <span class='ocrx_word' id='word_1_138' title='bbox 393 1458 635 1499; x_wconf 88' lang='lat' dir='ltr'>ornamenta</span> <span class='ocrx_word' id='word_1_139' title='bbox 666 1457 968 1500; x_wconf 79' lang='lat' dir='ltr'>Alexandrinae</span> <span class='ocrx_word' id='word_1_140' title='bbox 1000 1459 1080 1500; x_wconf 85' lang='lat' dir='ltr'>arti</span> <span class='ocrx_word' id='word_1_141' title='bbox 1111 1460 1274 1512; x_wconf 86' lang='lat' dir='ltr'>propria</span> <span class='ocrx_word' id='word_1_142' title='bbox 1306 1471 1401 1509; x_wconf 83' lang='lat' dir='ltr'>esse,</span> <span class='ocrx_word' id='word_1_143' title='bbox 1434 1459 1530 1501; x_wconf 89' lang='lat' dir='ltr'>licet</span> <span class='ocrx_word' id='word_1_144' title='bbox 1563 1472 1629 1501; x_wconf 78' lang='lat' dir='ltr'>ex-</span> 
     </span>
     <span class='ocr_line' id='line_1_22' title="bbox 97 1523 1627 1579; baseline 0.001 -14"><span class='ocrx_word' id='word_1_145' title='bbox 97 1525 276 1566; x_wconf 88' lang='lat' dir='ltr'>tremum</span> <span class='ocrx_word' id='word_1_146' title='bbox 294 1524 400 1566; x_wconf 87' lang='lat' dir='ltr'>illud</span> <span class='ocrx_word' id='word_1_147' title='bbox 417 1524 501 1566; x_wconf 89' lang='lat' dir='ltr'>iam</span> <span class='ocrx_word' id='word_1_148' title='bbox 521 1525 561 1565; x_wconf 91' lang='lat' dir='ltr'>in</span> <span class='ocrx_word' id='word_1_149' title='bbox 578 1523 736 1567; x_wconf 83' lang='lat' dir='ltr'>Graeca</span> <span class='ocrx_word' id='word_1_150' title='bbox 753 1538 899 1567; x_wconf 85' lang='lat' dir='ltr'>scaena</span> <span class='ocrx_word' id='word_1_151' title='bbox 917 1526 1050 1567; x_wconf 88' lang='lat' dir='ltr'>locum</span> <span class='ocrx_word' id='word_1_152' title='bbox 1069 1526 1284 1579; x_wconf 84' lang='lat' dir='ltr'>invenerit,</span> <span class='ocrx_word' id='word_1_153' title='bbox 1309 1526 1355 1566; x_wconf 88' lang='lat' dir='ltr'>ut</span> <span class='ocrx_word' id='word_1_154' title='bbox 1371 1527 1490 1568; x_wconf 84' lang='lat' dir='ltr'>antea</span> <span class='ocrx_word' id='word_1_155' title='bbox 1509 1526 1627 1567; x_wconf 89' lang='lat' dir='ltr'>docui</span> 
     </span>
     <span class='ocr_line' id='line_1_23' title="bbox 101 1591 1630 1646; baseline 0.001 -13"><span class='ocrx_word' id='word_1_156' title='bbox 101 1591 155 1646; x_wconf 89' lang='lat' dir='ltr'>(p.</span> <span class='ocrx_word' id='word_1_157' title='bbox 173 1592 256 1642; x_wconf 85' lang='lat'><strong>34),</strong></span> <span class='ocrx_word' id='word_1_158' title='bbox 291 1591 496 1633; x_wconf 89' lang='lat' dir='ltr'>neminem</span> <span class='ocrx_word' id='word_1_159' title='bbox 515 1591 638 1645; x_wconf 84' lang='lat' dir='ltr'>fugit.</span> <span class='ocrx_word' id='word_1_160' title='bbox 700 1592 817 1634; x_wconf 91' lang='lat' dir='ltr'>Unde</span> <span class='ocrx_word' id='word_1_161' title='bbox 847 1593 947 1634; x_wconf 89' lang='lat' dir='ltr'>item</span> <span class='ocrx_word' id='word_1_162' title='bbox 979 1592 1195 1646; x_wconf 86' lang='lat' dir='ltr'>repetenda</span> <span class='ocrx_word' id='word_1_163' title='bbox 1226 1593 1425 1646; x_wconf 69' lang='lat' dir='ltr'>Byblidos</span> <span class='ocrx_word' id='word_1_164' title='bbox 1457 1593 1630 1634; x_wconf 85' lang='lat' dir='ltr'>scribere</span> 
     </span>
     <span class='ocr_line' id='line_1_24' title="bbox 101 1658 1630 1713; baseline 0.001 -13"><span class='ocrx_word' id='word_1_165' title='bbox 101 1658 276 1700; x_wconf 86' lang='lat' dir='ltr'>volentis</span> <span class='ocrx_word' id='word_1_166' title='bbox 306 1658 538 1711; x_wconf 86' lang='lat' dir='ltr'>descriptio,</span> <span class='ocrx_word' id='word_1_167' title='bbox 570 1659 617 1699; x_wconf 92' lang='lat' dir='ltr'>ut</span> <span class='ocrx_word' id='word_1_168' title='bbox 648 1671 752 1712; x_wconf 85' lang='lat' dir='ltr'>quae</span> <span class='ocrx_word' id='word_1_169' title='bbox 784 1659 835 1700; x_wconf 88' lang='lat' dir='ltr'>ad</span> <span class='ocrx_word' id='word_1_170' title='bbox 866 1660 1051 1713; x_wconf 86' lang='lat' dir='ltr'>picturae</span> <span class='ocrx_word' id='word_1_171' title='bbox 1084 1659 1287 1712; x_wconf 78' lang='lat' dir='ltr'>exemplar</span> <span class='ocrx_word' id='word_1_172' title='bbox 1312 1660 1517 1701; x_wconf 89' lang='lat' dir='ltr'>delineata</span> <span class='ocrx_word' id='word_1_173' title='bbox 1547 1673 1630 1701; x_wconf 81' lang='lat' dir='ltr'>esse</span> 
     </span>
     <span class='ocr_line' id='line_1_25' title="bbox 100 1721 1630 1780; baseline 0.001 -14"><span class='ocrx_word' id='word_1_174' title='bbox 100 1725 292 1767; x_wconf 87' lang='lat' dir='ltr'>videatur</span> <span class='ocrx_word' id='word_1_175' title='bbox 322 1739 360 1767; x_wconf 89' lang='lat' dir='ltr'>v.</span> <span class='ocrx_word' id='word_1_176' title='bbox 392 1727 473 1767; x_wconf 82' lang='lat'>522</span> <span class='ocrx_word' id='word_1_177' title='bbox 502 1738 584 1780; x_wconf 89' lang='lat' dir='ltr'>sq.:</span> <span class='ocrx_word' id='word_1_178' title='bbox 619 1721 785 1768; x_wconf 77' lang='lat' dir='ltr'>‘dextra</span> <span class='ocrx_word' id='word_1_179' title='bbox 811 1727 922 1768; x_wconf 88' lang='lat' dir='ltr'>tenet</span> <span class='ocrx_word' id='word_1_180' title='bbox 952 1727 1118 1780; x_wconf 87' lang='lat' dir='ltr'>ferrum,</span> <span class='ocrx_word' id='word_1_181' title='bbox 1150 1739 1323 1768; x_wconf 85' lang='lat' dir='ltr'>vacuam</span> <span class='ocrx_word' id='word_1_182' title='bbox 1355 1727 1467 1767; x_wconf 88' lang='lat' dir='ltr'>tenet</span> <span class='ocrx_word' id='word_1_183' title='bbox 1500 1727 1630 1768; x_wconf 86' lang='lat' dir='ltr'>altera</span> 
     </span>
     <span class='ocr_line' id='line_1_26' title="bbox 101 1792 1630 1847; baseline -0.001 -13"><span class='ocrx_word' id='word_1_184' title='bbox 101 1805 248 1846; x_wconf 88' lang='lat' dir='ltr'>ceram,</span> <span class='ocrx_word' id='word_1_185' title='bbox 296 1793 448 1847; x_wconf 90' lang='lat' dir='ltr'>Incipit</span> <span class='ocrx_word' id='word_1_186' title='bbox 481 1794 521 1835; x_wconf 91' lang='lat' dir='ltr'>et</span> <span class='ocrx_word' id='word_1_187' title='bbox 560 1792 740 1834; x_wconf 81' lang='lat' dir='ltr'>dubitat&#39;</span> <span class='ocrx_word' id='word_1_188' title='bbox 785 1807 817 1835; x_wconf 90' lang='lat' dir='ltr'>e.</span> <span class='ocrx_word' id='word_1_189' title='bbox 846 1807 883 1847; x_wconf 88' lang='lat' dir='ltr'>q.</span> <span class='ocrx_word' id='word_1_190' title='bbox 916 1807 945 1834; x_wconf 91' lang='grc'>3.</span> <span class='ocrx_word' id='word_1_191' title='bbox 1007 1793 1191 1835; x_wconf 87' lang='lat' dir='ltr'>Confer-ri</span> <span class='ocrx_word' id='word_1_192' title='bbox 1233 1795 1402 1846; x_wconf 85' lang='lat' dir='ltr'>possunt</span> <span class='ocrx_word' id='word_1_193' title='bbox 1446 1793 1630 1846; x_wconf 86' lang='lat' dir='ltr'>picturae</span> 
     </span>
     <span class='ocr_line' id='line_1_27' title="bbox 100 1859 1626 1914; baseline 0.001 -14"><span class='ocrx_word' id='word_1_194' title='bbox 100 1859 376 1912; x_wconf 85' lang='lat' dir='ltr'>Pompeianae</span> <span class='ocrx_word' id='word_1_195' title='bbox 413 1860 550 1912; x_wconf 89' lang='lat' dir='ltr'>(Helb.</span> <span class='ocrx_word' id='word_1_196' title='bbox 582 1872 647 1902; x_wconf 84' lang='lat' dir='ltr'>no.</span> <span class='ocrx_word' id='word_1_197' title='bbox 680 1861 786 1901; x_wconf 82' lang='lat'>1422</span> <span class='ocrx_word' id='word_1_198' title='bbox 815 1859 893 1914; x_wconf 87' lang='lat' dir='ltr'>sq.)</span> <span class='ocrx_word' id='word_1_199' title='bbox 935 1862 974 1902; x_wconf 90' lang='lat' dir='ltr'>et</span> <span class='ocrx_word' id='word_1_200' title='bbox 1004 1860 1183 1902; x_wconf 79' lang='lat' dir='ltr'>Choricii</span> <span class='ocrx_word' id='word_1_201' title='bbox 1216 1860 1365 1902; x_wconf 81' lang='lat' dir='ltr'>Gazaei</span> <span class='ocrx_word' id='word_1_202' title='bbox 1412 1860 1626 1912; x_wconf 86' lang='lat' dir='ltr'>ecphrasis‚</span> 
     </span>
     <span class='ocr_line' id='line_1_28' title="bbox 102 1926 1630 1985; baseline 0.001 -18"><span class='ocrx_word' id='word_1_203' title='bbox 102 1939 206 1985; x_wconf 83' lang='lat' dir='ltr'>quae</span> <span class='ocrx_word' id='word_1_204' title='bbox 235 1926 416 1980; x_wconf 87' lang='lat' dir='ltr'>amplam</span> <span class='ocrx_word' id='word_1_205' title='bbox 438 1927 711 1980; x_wconf 83' lang='lat' dir='ltr'>Hippolyteae</span> <span class='ocrx_word' id='word_1_206' title='bbox 742 1927 906 1969; x_wconf 85' lang='lat' dir='ltr'>fabulae</span> <span class='ocrx_word' id='word_1_207' title='bbox 938 1928 1162 1981; x_wconf 84' lang='lat' dir='ltr'>imaginem</span> <span class='ocrx_word' id='word_1_208' title='bbox 1186 1928 1279 1969; x_wconf 86' lang='lat' dir='ltr'>ante</span> <span class='ocrx_word' id='word_1_209' title='bbox 1306 1926 1443 1968; x_wconf 86' lang='lat' dir='ltr'>oculos</span> <span class='ocrx_word' id='word_1_210' title='bbox 1469 1927 1630 1968; x_wconf 85' lang='lat' dir='ltr'>nostros</span> 
     </span>
     <span class='ocr_line' id='line_1_29' title="bbox 101 1992 1631 2047; baseline -0.001 -12"><span class='ocrx_word' id='word_1_211' title='bbox 101 1993 292 2035; x_wconf 88' lang='lat' dir='ltr'>evolvens</span> <span class='ocrx_word' id='word_1_212' title='bbox 321 1992 449 2046; x_wconf 85' lang='lat' dir='ltr'>digna</span> <span class='ocrx_word' id='word_1_213' title='bbox 480 1994 552 2044; x_wconf 85' lang='lat' dir='ltr'>est,</span> <span class='ocrx_word' id='word_1_214' title='bbox 585 1994 650 2035; x_wconf 91' lang='lat' dir='ltr'>cui</span> <span class='ocrx_word' id='word_1_215' title='bbox 678 1994 753 2035; x_wconf 89' lang='lat' dir='ltr'>hoc</span> <span class='ocrx_word' id='word_1_216' title='bbox 773 1994 862 2036; x_wconf 88' lang='lat' dir='ltr'>loco</span> <span class='ocrx_word' id='word_1_217' title='bbox 887 1994 1002 2047; x_wconf 88' lang='lat' dir='ltr'>plura</span> <span class='ocrx_word' id='word_1_218' title='bbox 1026 1994 1150 2036; x_wconf 83' lang='lat' dir='ltr'>verba</span> <span class='ocrx_word' id='word_1_219' title='bbox 1172 1993 1468 2046; x_wconf 87' lang='lat' dir='ltr'>impendamus,</span> <span class='ocrx_word' id='word_1_220' title='bbox 1501 2006 1631 2046; x_wconf 91' lang='lat' dir='ltr'>quan-</span> 
     </span>
     <span class='ocr_line' id='line_1_30' title="bbox 101 2059 1631 2114; baseline -0.001 -14"><span class='ocrx_word' id='word_1_221' title='bbox 101 2059 193 2101; x_wconf 88' lang='lat' dir='ltr'>tum</span> <span class='ocrx_word' id='word_1_222' title='bbox 236 2059 298 2100; x_wconf 87' lang='lat' dir='ltr'>vis</span> <span class='ocrx_word' id='word_1_223' title='bbox 342 2059 440 2101; x_wconf 88' lang='lat' dir='ltr'>licet</span> <span class='ocrx_word' id='word_1_224' title='bbox 483 2060 641 2101; x_wconf 89' lang='lat' dir='ltr'>mendis</span> <span class='ocrx_word' id='word_1_225' title='bbox 682 2061 923 2114; x_wconf 85' lang='lat' dir='ltr'>lacunisque</span> <span class='ocrx_word' id='word_1_226' title='bbox 966 2061 1185 2114; x_wconf 86' lang='lat' dir='ltr'>inquinata</span> <span class='ocrx_word' id='word_1_227' title='bbox 1230 2060 1295 2101; x_wconf 88' lang='lat' dir='ltr'>sit.</span> <span class='ocrx_word' id='word_1_228' title='bbox 1368 2059 1460 2100; x_wconf 88' lang='lat' dir='ltr'>Illic</span> <span class='ocrx_word' id='word_1_229' title='bbox 1502 2059 1631 2112; x_wconf 82' lang='lat' dir='ltr'>igitur</span> 
     </span>
    </p>
   </div>
   <div class='ocr_carea' id='block_1_7' title="bbox 102 2119 1631 2180">
    <p class='ocr_par' dir='ltr' id='par_1_12' title="bbox 23 2119 1631 2180">
     <span class='ocr_line' id='line_1_31' title="bbox 102 2119 1631 2180; baseline -0.001 -13.049"><span class='ocrx_word' id='word_1_230' title='bbox 102 2119 337 2168; x_wconf 85' lang='lat' dir='ltr'>Phaedram</span> <span class='ocrx_word' id='word_1_231' title='bbox 372 2126 556 2168; x_wconf 87' lang='lat' dir='ltr'>videmus</span> <span class='ocrx_word' id='word_1_232' title='bbox 597 2127 815 2180; x_wconf 89' lang='lat' dir='ltr'>epistulam</span> <span class='ocrx_word' id='word_1_233' title='bbox 854 2128 1102 2177; x_wconf 78' lang='lat' dir='ltr'>exarantem,</span> <span class='ocrx_word' id='word_1_234' title='bbox 1150 2126 1214 2168; x_wconf 87' lang='lat' dir='ltr'>cui</span> <span class='ocrx_word' id='word_1_235' title='bbox 1246 2127 1375 2167; x_wconf 86' lang='lat' dir='ltr'>Amor</span> <span class='ocrx_word' id='word_1_236' title='bbox 1404 2125 1631 2178; x_wconf 86' lang='lat' dir='ltr'>opitulatur</span> 
     </span>
    </p>
   </div>
   <div class='ocr_carea' id='block_1_8' title="bbox 0 1842 97 3310">
    <p class='ocr_par' dir='ltr' id='par_1_13' title="bbox 0 1842 97 3310">
     <span class='ocr_line' id='line_1_32' title="bbox 0 1842 97 3310; baseline 0 0"><span class='ocrx_word' id='word_1_237' title='bbox 0 1842 97 3310; x_wconf 95' lang='lat' dir='ltr'> </span> 
     </span>
    </p>
   </div>
   <div class='ocr_carea' id='block_1_9' title="bbox 100 2186 1632 2707">
    <p class='ocr_par' dir='ltr' id='par_1_14' title="bbox 100 2186 1632 2707">
     <span class='ocr_line' id='line_1_33' title="bbox 102 2186 1631 2249; baseline -0.002 -15"><span class='ocrx_word' id='word_1_238' title='bbox 102 2191 251 2246; x_wconf 84' lang='lat' dir='ltr'>(BoiSS.</span> <span class='ocrx_word' id='word_1_239' title='bbox 273 2206 311 2246; x_wconf 91' lang='lat' dir='ltr'>p.</span> <span class='ocrx_word' id='word_1_240' title='bbox 335 2194 450 2246; x_wconf 86' lang='lat'>163):</span> <span class='ocrx_word' id='word_1_241' title='bbox 479 2189 524 2235; x_wconf 83' lang='lat' dir='ltr'>‘O</span> <span class='ocrx_word' id='word_1_242' title='bbox 544 2192 591 2234; x_wconf 77' lang='grc' dir='ltr'>δέ</span> <span class='ocrx_word' id='word_1_243' title='bbox 613 2209 675 2243; x_wconf 79' lang='grc' dir='ltr'>τις</span> <span class='ocrx_word' id='word_1_244' title='bbox 694 2186 836 2246; x_wconf 68' lang='grc' dir='ltr'><strong><em>’Έρως</em></strong></span> <span class='ocrx_word' id='word_1_245' title='bbox 859 2218 905 2222; x_wconf 86' lang='lat'>—</span> <span class='ocrx_word' id='word_1_246' title='bbox 930 2189 1244 2249; x_wconf 74' lang='grc' dir='ltr'><strong><em>παρασκεῑ·άζει</em></strong></span> <span class='ocrx_word' id='word_1_247' title='bbox 1276 2190 1351 2247; x_wconf 68' lang='grc' dir='ltr'>τὴν</span> <span class='ocrx_word' id='word_1_248' title='bbox 1382 2191 1425 2233; x_wconf 76' lang='grc' dir='ltr'>ἐκ</span> <span class='ocrx_word' id='word_1_249' title='bbox 1451 2191 1631 2244; x_wconf 81' lang='grc' dir='ltr'><strong><em>μέλανος</em></strong></span> 
     </span>
     <span class='ocr_line' id='line_1_34' title="bbox 104 2255 1631 2316; baseline -0.001 -16"><span class='ocrx_word' id='word_1_250' title='bbox 104 2255 210 2314; x_wconf 67' lang='grc' dir='ltr'><em>ὕλην</em></span> <span class='ocrx_word' id='word_1_251' title='bbox 252 2262 348 2310; x_wconf 84' lang='grc' dir='ltr'><strong><em>τοῖς</em></strong></span> <span class='ocrx_word' id='word_1_252' title='bbox 390 2261 647 2314; x_wconf 76' lang='grc' dir='ltr'><strong><em>γράμμασιν,</em></strong></span> <span class='ocrx_word' id='word_1_253' title='bbox 696 2257 780 2302; x_wconf 78' lang='grc' dir='ltr'>ὅσα</span> <span class='ocrx_word' id='word_1_254' title='bbox 824 2257 873 2316; x_wconf 63' lang='grc' dir='ltr'>δὴ</span> <span class='ocrx_word' id='word_1_255' title='bbox 920 2260 1134 2316; x_wconf 67' lang='grc' dir='ltr'><strong><em>γραφέντα</em></strong></span> <span class='ocrx_word' id='word_1_256' title='bbox 1170 2260 1351 2314; x_wconf 56' lang='grc' dir='ltr'><strong><em>μηνῦσαι</em></strong></span> <span class='ocrx_word' id='word_1_257' title='bbox 1389 2257 1529 2311; x_wconf 78' lang='grc' dir='ltr'><em>μέλλει</em></span> <span class='ocrx_word' id='word_1_258' title='bbox 1570 2259 1631 2313; x_wconf 78' lang='grc' dir='ltr'>τῷ</span> 
     </span>
     <span class='ocr_line' id='line_1_35' title="bbox 100 2322 1632 2385; baseline -0.001 -18"><span class='ocrx_word' id='word_1_259' title='bbox 100 2326 351 2383; x_wconf 78' lang='grc' dir='ltr'><em>Ἱππολύτῳ</em></span> <span class='ocrx_word' id='word_1_260' title='bbox 393 2323 469 2369; x_wconf 70' lang='grc' dir='ltr'><strong><em>τᾶν</em></strong></span> <span class='ocrx_word' id='word_1_261' title='bbox 513 2325 673 2381; x_wconf 76' lang='grc' dir='ltr'><strong><em>ἔρωτα·</em></strong></span> <span class='ocrx_word' id='word_1_262' title='bbox 713 2327 781 2369; x_wconf 81' lang='grc' dir='ltr'>καὶ</span> <span class='ocrx_word' id='word_1_263' title='bbox 818 2330 869 2385; x_wconf 69' lang='grc' dir='ltr'>τῇ</span> <span class='ocrx_word' id='word_1_264' title='bbox 911 2328 1012 2384; x_wconf 74' lang='grc' dir='ltr'><em>λαιᾷ</em></span> <span class='ocrx_word' id='word_1_265' title='bbox 1054 2329 1212 2383; x_wconf 66' lang='grc' dir='ltr'><strong><em>ταύτην</em></strong></span> <span class='ocrx_word' id='word_1_266' title='bbox 1246 2322 1417 2380; x_wconf 66' lang='grc' dir='ltr'><strong><em>ἀνέχων,</em></strong></span> <span class='ocrx_word' id='word_1_267' title='bbox 1464 2325 1632 2380; x_wconf 74' lang='grc' dir='ltr'><strong><em>θατέρᾳ</em></strong></span> 
     </span>
     <span class='ocr_line' id='line_1_36' title="bbox 103 2391 1631 2451; baseline -0.002 -15"><span class='ocrx_word' id='word_1_268' title='bbox 103 2391 239 2450; x_wconf 80' lang='grc' dir='ltr'><strong><em>ταύτῃ</em></strong></span> <span class='ocrx_word' id='word_1_269' title='bbox 258 2395 334 2450; x_wconf 81' lang='grc' dir='ltr'><strong><em>τὴν</em></strong></span> <span class='ocrx_word' id='word_1_270' title='bbox 353 2394 542 2451; x_wconf 74' lang='grc' dir='ltr'><strong><em>γραφίόα</em></strong></span> <span class='ocrx_word' id='word_1_271' title='bbox 563 2395 711 2451; x_wconf 77' lang='grc' dir='ltr'><strong><em>φέρων</em></strong></span> <span class='ocrx_word' id='word_1_272' title='bbox 732 2394 927 2449; x_wconf 67' lang='grc' dir='ltr'><strong><em>ἐνέθηκε,</em></strong></span> <span class='ocrx_word' id='word_1_273' title='bbox 950 2394 1120 2448; x_wconf 78' lang='grc' dir='ltr'><em>μέλλων</em></span> <span class='ocrx_word' id='word_1_274' title='bbox 1141 2394 1361 2436; x_wconf 70' lang='grc' dir='ltr'><strong><em>ἐπιδοῦναι</em></strong></span> <span class='ocrx_word' id='word_1_275' title='bbox 1381 2396 1431 2451; x_wconf 61' lang='grc' dir='ltr'>1τῇ</span> <span class='ocrx_word' id='word_1_276' title='bbox 1452 2392 1631 2448; x_wconf 73' lang='grc' dir='ltr'><strong><em>Φαίὸρᾳ.</em></strong></span> 
     </span>
     <span class='ocr_line' id='line_1_37' title="bbox 107 2461 1631 2506; baseline -0.003 -1"><span class='ocrx_word' id='word_1_277' title='bbox 107 2462 386 2505; x_wconf 87' lang='lat' dir='ltr'>Consimiliter</span> <span class='ocrx_word' id='word_1_278' title='bbox 424 2463 630 2506; x_wconf 89' lang='lat' dir='ltr'>Ovidiana</span> <span class='ocrx_word' id='word_1_279' title='bbox 668 2463 855 2505; x_wconf 87' lang='lat' dir='ltr'>Phaedra</span> <span class='ocrx_word' id='word_1_280' title='bbox 888 2463 1082 2504; x_wconf 86' lang='lat' dir='ltr'>Amorem</span> <span class='ocrx_word' id='word_1_281' title='bbox 1125 2475 1165 2503; x_wconf 88' lang='lat' dir='ltr'>se</span> <span class='ocrx_word' id='word_1_282' title='bbox 1201 2462 1299 2503; x_wconf 85' lang='lat' dir='ltr'>adeo</span> <span class='ocrx_word' id='word_1_283' title='bbox 1342 2461 1631 2502; x_wconf 87' lang='lat' dir='ltr'>adhortantem</span> 
     </span>
     <span class='ocr_line' id='line_1_38' title="bbox 105 2529 495 2585; baseline 0.005 -14"><span class='ocrx_word' id='word_1_284' title='bbox 105 2529 229 2584; x_wconf 87' lang='lat' dir='ltr'>fingit</span> <span class='ocrx_word' id='word_1_285' title='bbox 262 2543 300 2572; x_wconf 86' lang='lat' dir='ltr'>v.</span> <span class='ocrx_word' id='word_1_286' title='bbox 333 2531 384 2573; x_wconf 86' lang='lat'>13</span> <span class='ocrx_word' id='word_1_287' title='bbox 414 2543 495 2585; x_wconf 88' lang='lat' dir='ltr'>sq.:</span> 
     </span>
     <span class='ocr_line' id='line_1_39' title="bbox 304 2595 1273 2651; baseline -0.004 -12"><span class='ocrx_word' id='word_1_288' title='bbox 304 2597 376 2640; x_wconf 90' lang='lat' dir='ltr'>ille</span> <span class='ocrx_word' id='word_1_289' title='bbox 406 2597 507 2639; x_wconf 92' lang='lat' dir='ltr'>mihi</span> <span class='ocrx_word' id='word_1_290' title='bbox 539 2598 671 2651; x_wconf 87' lang='lat' dir='ltr'>primo</span> <span class='ocrx_word' id='word_1_291' title='bbox 701 2596 911 2638; x_wconf 90' lang='lat' dir='ltr'>dubitanti</span> <span class='ocrx_word' id='word_1_292' title='bbox 941 2595 1115 2637; x_wconf 85' lang='lat' dir='ltr'>scribere</span> <span class='ocrx_word' id='word_1_293' title='bbox 1145 2595 1273 2635; x_wconf 81' lang='lat' dir='ltr'>dixit:</span> 
     </span>
     <span class='ocr_line' id='line_1_40' title="bbox 365 2662 1350 2707; baseline -0.006 0"><span class='ocrx_word' id='word_1_294' title='bbox 365 2663 547 2707; x_wconf 75' lang='lat' dir='ltr'>‘Scribel</span> <span class='ocrx_word' id='word_1_295' title='bbox 579 2664 696 2706; x_wconf 87' lang='lat' dir='ltr'>dabit</span> <span class='ocrx_word' id='word_1_296' title='bbox 726 2664 858 2705; x_wconf 87' lang='lat' dir='ltr'>victas</span> <span class='ocrx_word' id='word_1_297' title='bbox 889 2662 1041 2704; x_wconf 83' lang='lat' dir='ltr'>ferreus</span> <span class='ocrx_word' id='word_1_298' title='bbox 1074 2662 1143 2702; x_wconf 90' lang='lat' dir='ltr'>ille</span> <span class='ocrx_word' id='word_1_299' title='bbox 1174 2662 1350 2702; x_wconf 86' lang='lat' dir='ltr'>manus&#39;.</span> 
     </span>
    </p>
   </div>
   <div class='ocr_carea' id='block_1_10' title="bbox 40 2723 1633 2928">
    <p class='ocr_par' dir='ltr' id='par_1_15' title="bbox 40 2723 1632 2928">
     <span class='ocr_line' id='line_1_41' title="bbox 40 2723 1631 2788; baseline -0.003 -18"><span class='ocrx_word' id='word_1_300' title='bbox 40 2765 44 2770; x_wconf 89' lang='lat'><em>.</em></span> <span class='ocrx_word' id='word_1_301' title='bbox 107 2730 263 2771; x_wconf 79' lang='lat' dir='ltr'>Rhetor</span> <span class='ocrx_word' id='word_1_302' title='bbox 293 2731 443 2784; x_wconf 85' lang='lat' dir='ltr'>pergit:</span> <span class='ocrx_word' id='word_1_303' title='bbox 476 2727 500 2788; x_wconf 82' lang='grc' dir='ltr'>ἡ</span> <span class='ocrx_word' id='word_1_304' title='bbox 533 2729 580 2772; x_wconf 79' lang='grc' dir='ltr'>δὲ</span> <span class='ocrx_word' id='word_1_305' title='bbox 611 2730 803 2782; x_wconf 73' lang='grc' dir='ltr'><em>λαβοῦσα</em></span> <span class='ocrx_word' id='word_1_306' title='bbox 836 2724 1015 2782; x_wconf 77' lang='grc' dir='ltr'><strong><em>γράψει</em></strong></span> <span class='ocrx_word' id='word_1_307' title='bbox 1045 2726 1211 2778; x_wconf 63' lang='grc' dir='ltr'><strong><em>ἽΙέχρι</em></strong></span> <span class='ocrx_word' id='word_1_308' title='bbox 1244 2723 1296 2780; x_wconf 64' lang='grc' dir='ltr'><em>δὴ</em></span> <span class='ocrx_word' id='word_1_309' title='bbox 1321 2726 1437 2776; x_wconf 74' lang='grc' dir='ltr'><strong><em>Τίνος</em></strong></span> <span class='ocrx_word' id='word_1_310' title='bbox 1458 2740 1631 2781; x_wconf 79' lang='grc' dir='ltr'><strong><em>σωφρο-</em></strong></span> 
     </span>
     <span class='ocr_line' id='line_1_42' title="bbox 41 2789 1632 2852; baseline -0.003 -15"><span class='ocrx_word' id='word_1_311' title='bbox 41 2790 52 2795; x_wconf 51' lang='grc'>’</span> <span class='ocrx_word' id='word_1_312' title='bbox 107 2796 264 2852; x_wconf 82' lang='grc' dir='ltr'><strong><em>νήσεις,</em></strong></span> <span class='ocrx_word' id='word_1_313' title='bbox 309 2796 563 2847; x_wconf 74' lang='grc' dir='ltr'><em>Ἱππόλιῑε;</em></span> <span class='ocrx_word' id='word_1_314' title='bbox 610 2796 778 2849; x_wconf 74' lang='grc' dir='ltr'><strong><em>Φαίδρα</em></strong></span> <span class='ocrx_word' id='word_1_315' title='bbox 807 2794 853 2836; x_wconf 76' lang='grc' dir='ltr'>δὲ</span> <span class='ocrx_word' id='word_1_316' title='bbox 884 2796 1027 2836; x_wconf 69' lang='grc' dir='ltr'><strong><em>ποθεῖ</em></strong></span> <span class='ocrx_word' id='word_1_317' title='bbox 1053 2808 1101 2835; x_wconf 81' lang='grc' dir='ltr'>σε</span> <span class='ocrx_word' id='word_1_318' title='bbox 1137 2793 1207 2834; x_wconf 79' lang='grc' dir='ltr'>καὶ</span> <span class='ocrx_word' id='word_1_319' title='bbox 1243 2789 1461 2845; x_wconf 67' lang='grc' dir='ltr'><em>βοιλεται’</em></span> <span class='ocrx_word' id='word_1_320' title='bbox 1468 2825 1476 2834; x_wconf 96' lang='grc'><strong>.</strong></span> <span class='ocrx_word' id='word_1_321' title='bbox 1548 2792 1632 2833; x_wconf 89' lang='lat' dir='ltr'>Nu-</span> 
     </span>
     <span class='ocr_line' id='line_1_43' title="bbox 45 2848 1633 2928; baseline -0.003 -24"><span class='ocrx_word' id='word_1_322' title='bbox 45 2923 47 2928; x_wconf 31' lang='lat'>·</span> <span class='ocrx_word' id='word_1_323' title='bbox 106 2863 189 2905; x_wconf 83' lang='lat' dir='ltr'>trix</span> <span class='ocrx_word' id='word_1_324' title='bbox 218 2863 364 2906; x_wconf 89' lang='lat' dir='ltr'>deinde</span> <span class='ocrx_word' id='word_1_325' title='bbox 398 2864 643 2906; x_wconf 86' lang='lat' dir='ltr'>describitur</span> <span class='ocrx_word' id='word_1_326' title='bbox 673 2863 882 2905; x_wconf 86' lang='lat' dir='ltr'>dominam</span> <span class='ocrx_word' id='word_1_327' title='bbox 913 2862 1155 2903; x_wconf 72' lang='lat' dir='ltr'>adhortans:</span> <span class='ocrx_word' id='word_1_328' title='bbox 1213 2859 1292 2901; x_wconf 87' lang='grc' dir='ltr'>Τί</span> <span class='ocrx_word' id='word_1_329' title='bbox 1321 2859 1567 2913; x_wconf 68' lang='grc' dir='ltr'><strong><em>πέπονθας,</em></strong></span> <span class='ocrx_word' id='word_1_330' title='bbox 1599 2848 1633 2899; x_wconf 74' lang='grc' dir='ltr'><em>ὦ</em></span> 
     </span>
    </p>
   </div>
   <div class='ocr_carea' id='block_1_11' title="bbox 1350 2928 1370 2961">
    <p class='ocr_par' dir='ltr' id='par_1_16' title="bbox 1350 2928 1370 2961">
     <span class='ocr_line' id='line_1_44' title="bbox 1350 2928 1370 2961; baseline 0 0"><span class='ocrx_word' id='word_1_331' title='bbox 1350 2928 1370 2961; x_wconf 83' lang='grc'>5</span> 
     </span>
    </p>
   </div>
  </div>
 </body>
</html>
