1912 3310
0 2935 17 3121 uffa-arv&-
0 2877 9 2909 ·u-v
0 2815 6 2820 ι
0 2791 1 2794 Α

829 189 895 222 123

98 304 322 346 venatrices
354 305 512 346 Dianae.
544 304 736 355 comites,
767 301 948 353 ,Amoris
978 300 1070 343 telis
1101 300 1196 341 illas
1227 311 1388 352 quoque
1419 298 1622 351 postremo

93 372 412 422 succumbentes,
445 371 487 412 iu
518 371 674 412 deliciis
706 369 942 416 habuisse13
976 368 1124 422 quibus
1155 379 1219 408 eos
1253 365 1356 407 alias
1386 364 1557 418 puellas,
1589 364 1623 404 si

96 451 165 491 per
195 437 412 479 materiam
444 437 597 490 liceret,
628 436 888 490 aliquatenus
920 435 1170 487 adaequasse
1201 432 1434 485 appositum
1457 430 1509 471 ad
1535 443 1625 483 per-

95 505 327 546 suasionem
357 505 429 546 est.
488 504 633 557 Itaque
664 503 883 555 Vergilius,
932 503 978 543 ut
1016 501 1084 554 qui
1117 501 1158 540 in
1193 499 1323 541 Didus
1355 497 1624 550 descriptione

94 571 314 624 diligenter
358 570 728 612 Alexandrinorum
763 569 939 622 vestigia
970 568 1168 622 legerit2,
1214 566 1391 607 Elissam
1437 564 1624 606 venatico

98 639 248 679 ornatu
280 638 471 679 indutam
500 637 827 690 progredientem
860 635 1040 676 ostendit
1072 634 1191 686 (Aen.
1226 633 1297 683 IV,
1333 633 1410 673 136
1442 630 1521 684 sq.)
1545 644 1624 672 non

95 704 266 747 fortuito
310 704 362 746 ad
407 704 601 745 venatum
644 715 867 751 recurrens,
916 713 995 755 quo
1026 714 1109 742 rem
1143 701 1194 743 ad
1225 700 1377 742 exitum
1409 698 1624 751 perducam

95 772 135 813 et
159 770 363 813 Ovidiana
394 769 582 811 Phaedra
615 769 859 810 Atalantam
891 768 1001 809 haud
1032 769 1183 810 temere
1212 767 1387 809 laudans
1419 765 1535 815 (Her.
1553 764 1624 814 IV,

95 838 167 887 99)
198 837 337 879 iuveni
367 837 409 877 in
439 835 555 878 silvis
586 835 766 877 moranti
793 835 975 877 affirmat
1005 848 1042 876 v.
1077 836 1155 876 103
1187 847 1265 888 sq.:

294 903 386 957 Ipsa
413 915 546 944 comes
576 902 750 951 veniam,
784 914 855 943 nec
885 915 949 943 me
978 901 1186 943 salebrosa
1216 900 1440 942 movebunt

361 983 470 1021 saxa,
502 982 574 1011 nec
605 969 770 1023 obliquo
803 969 923 1011 dente
954 968 1162 1010 timendus
1193 981 1299 1021 aper.

97 1037 395 1104 Alexandrirms
427 1037 556 1089 igitur
586 1036 728 1090 quidni
763 1037 997 1079 statuamus
1031 1036 1217 1077 Cressam
1246 1034 1426 1088 puellam
1459 1046 1500 1074 re
1530 1045 1625 1074 vera

94 1105 355 1146 Amazonum
400 1104 542 1146 habitu
591 1117 660 1157 per
705 1104 829 1145 silvas
875 1104 1108 1145 cursantem
1139 1103 1179 1144 et
1209 1102 1452 1143 volitantem
1485 1100 1626 1153 depin-

97 1173 253 1214 xisseP³
302 1195 347 1200 -—
395 1171 559 1212 Amoris
602 1171 960 1224 praedicationem,
1008 1170 1122 1223 pueri
1153 1169 1296 1211 lascivi
1328 1168 1626 1220 immodiceque

99 1238 351 1285 bacchantis,
384 1238 434 1279 iis
465 1238 574 1280 ultro
597 1238 807 1286 concedes;
840 1238 917 1279 nisi
940 1250 1122 1291 perverse
1144 1236 1270 1278 sumis
1288 1237 1450 1289 poetam
1474 1235 1626 1276 Roma-

96 1318 193 1347 num
217 1305 259 1346 in
291 1305 413 1347 choro
435 1318 470 1346 v.
493 1306 572 1346 274
597 1318 654 1358 sq.
678 1305 843 1346 deorum
876 1305 1125 1358 heroumque
1155 1304 1262 1345 vitas
1294 1302 1626 1356 perlustrantem,

94 1385 174 1426 quo
213 1372 426 1426 Cupidinis
468 1373 630 1425 parvuli
683 1372 817 1426 gloria
861 1372 1052 1426 famaque
1097 1370 1390 1425 penetraverit,
1443 1368 1624 1420 exempla

94 1440 237 1493 utique
267 1453 312 1481 ex
341 1453 437 1482 suae
480 1440 692 1481 doctrinae
733 1441 936 1493 apparatu
975 1440 1205 1492 protulisse.
1266 1436 1471 1490 Apollinis
1517 1435 1624 1476 enim

97 1507 322 1560 exemplum
368 1519 506 1548 amore
550 1507 796 1549 inflammati
842 1508 1029 1548 armenta
1066 1506 1233 1547 Admeti
1284 1503 1500 1558 pascentis,
1545 1514 1625 1555 quo

95 1573 215 1615 modo
256 1574 378 1627 primi
413 1574 677 1616 Alexandrini
721 1574 905 1616 fabulam
936 1574 1236 1615 exornaverunt
1256 1575 1284 1625 4,
1332 1572 1365 1613 si
1403 1571 1473 1625 qui
1510 1569 1625 1623 parvi

94 1640 291 1694 pendunt,
334 1653 432 1682 num
461 1641 566 1683 forte
597 1642 653 1683 eis
683 1642 802 1695 poeta
833 1642 931 1683 item
965 1641 1071 1683 circa
1103 1641 1225 1682 vilem
1258 1639 1529 1693 patulumque
1560 1649 1626 1678 or-

94 1708 184 1751 bem
224 1708 378 1749 versari
416 1708 591 1759 videtur,
637 1710 671 1750 si
718 1710 859 1751 narrat
902 1710 1042 1751 Iovem
1073 1709 1188 1750 bovis
1227 1708 1402 1749 formam
1434 1705 1625 1747 indutum

93 1776 133 1816 et
163 1775 373 1828 Europam
416 1788 485 1828 per
531 1789 643 1818 mare
684 1776 939 1818 auferentem
971 1776 1128 1830 ungula
1158 1776 1290 1817 lentos
1321 1785 1454 1815 remos
1485 1772 1627 1813 imita-

236 1921 246 1941 ¹
275 1920 327 1955 Cf.
354 1920 506 1966 Dilthey
535 1922 557 1956 l.
587 1922 612 1956 1.
637 1934 672 1967 p.
700 1924 756 1958 43.
789 1924 819 1956 1.
868 1922 999 1957 Rohde
1025 1922 1048 1956 1.
1076 1922 1097 1956 l.
1125 1933 1159 1966 p.
1189 1922 1254 1955 148
1279 1921 1362 1955 adn.

234 1980 247 2000 2
273 1979 372 2015 Dido
399 1992 523 2015 amore
550 1981 712 2026 flagrans
739 1982 785 2016 ab
814 1983 914 2016 omni
953 1982 1062 2016 solita
1094 1981 1336 2025 occupatione
1369 1980 1542 2024 expedita
1571 1982 1626 2014 est

96 2037 204 2081 (Aen.
222 2037 283 2082 IV,
310 2040 355 2073 86
374 2039 456 2084 sq.)‚
485 2039 610 2074 furens
639 2043 719 2074 tota
745 2041 836 2075 urbe
862 2044 1022 2085 vagatur
1040 2042 1086 2083 (v.
1107 2041 1152 2074 68
1170 2040 1248 2084 δᾳ),
1269 2040 1455 2074 furentem
1473 2038 1628 2072 delubra

95 2097 189 2130 nihil
215 2097 346 2132 iuvant
371 2098 418 2141 (v.
443 2100 488 2133 56
515 2110 566 2142 sq.
594 2100 638 2132 65
666 2111 735 2143 sq.;
763 2099 809 2133 cf.
837 2099 916 2134 Sen.
942 2099 1078 2133 Phacd.
1109 2099 1202 2142 105),
1236 2099 1309 2133 iam
1335 2101 1501 2133 amatum
1526 2098 1626 2132 iuve-

94 2167 178 2190 nem
203 2156 340 2191 blando
368 2157 532 2201 alloquio
558 2158 732 2202 prosequi
759 2159 902 2202 incipit,
928 2158 991 2192 sed
1010 2170 1081 2192 vox
1100 2157 1225 2192 deficit
1246 2158 1292 2202 (v.
1314 2157 1381 2201 76).
1402 2177 1443 2181 ——
1463 2156 1627 2200 Quorum

93 2215 270 2248 nonnulla
295 2214 502 2250 Phaedram
534 2216 572 2250 in
598 2217 814 2251 memoriam
840 2220 1028 2251 revocant.
1080 2217 1178 2261 Alia,
1215 2220 1257 2250 ut
1288 2217 1424 2259 vultus,
1461 2215 1626 2259 corporis

93 2273 225 2317 forma,
265 2285 336 2308 vox
363 2275 476 2309 amati
510 2275 584 2309 viri
612 2276 756 2319 puellae
788 2275 901 2310 infixa
926 2275 1080 2310 haerens
1112 2275 1161 2320 (v.
1188 2278 1219 2310 4.
1247 2275 1315 2319 83),
1351 2275 1447 2320 apud
1475 2274 1625 2318 Apollo-

96 2331 199 2366 nium
225 2332 412 2366 Rhodium
440 2333 543 2379 (Arg.
573 2333 637 2374 III,
667 2336 734 2368 453
763 2334 831 2378 sq.)
856 2335 1111 2379 reperiuntur3
1138 2346 1158 2368 a
1185 2334 1286 2368 cuius
1314 2333 1425 2368 tertio
1452 2333 1563 2375 libro,
1588 2332 1625 2366 in

95 2402 168 2435 quo
198 2394 385 2426 amantem
410 2391 580 2426 Medeam
610 2396 748 2432 cantat,
788 2397 909 2427 totum
937 2394 1034 2428 hunc
1068 2396 1243 2437 quartum
1269 2392 1453 2427 Aeneidos
1486 2392 1624 2425 librum

94 2449 320 2494 descriptum
347 2462 422 2485 esse
449 2450 594 2486 Servius
621 2452 743 2498 (Verg.
773 2454 864 2487 Aen.
889 2453 951 2496 IV,
980 2453 1013 2496 1)
1038 2452 1267 2487 subabsurde
1295 2451 1468 2486 affirmat.

229 2508 242 2528 ³
270 2509 421 2544 Pictura
446 2510 672 2555 Pompeiana
701 2511 808 2546 Helb.
836 2523 892 2546 no.
920 2512 988 2546 253
1015 2512 1213 2556 unicuique
1241 2512 1279 2545 in
1303 2513 1463 2545 mentem
1490 2509 1626 2553 veniet,

94 2567 133 2601 in
161 2567 263 2602 cuius
299 2569 609 2613 interpretatione
641 2570 712 2603 viri
746 2570 846 2604 docti
881 2582 1107 2615 magnopore
1146 2570 1383 2604 sudaverunt.
1436 2568 1505 2603 Sed
1543 2580 1627 2603 cum

96 2624 318 2661 difficillima
343 2627 434 2662 haec
460 2628 627 2672 quaestio
654 2629 826 2663 latiorem
849 2641 916 2673 pro
943 2629 1110 2674 angustis
1137 2641 1240 2663 meae
1263 2627 1526 2673 disputationis
1545 2626 1625 2661 fini·
1672 2625 1679 2631 ‘

97 2684 164 2718 bus
195 2696 366 2729 campum
391 2687 570 2730 requirat,
596 2687 772 2722 iudicium
801 2699 923 2722 meum
950 2687 1101 2722 interim
1127 2687 1266 2721 sistam.

235 2744 250 2763 4
276 2743 329 2778 Cf.
358 2743 570 2780 Callimach.
603 2745 699 2790 hym.
733 2746 771 2780 in
804 2746 927 2790 Apoll.
954 2746 1011 2780 49.
1062 2746 1195 2781 Rhian.
1222 2745 1340 2780 Schol.
1367 2745 1457 2779 Eur.
1484 2745 1563 2779 Alc.
1594 2745 1625 2777 1.

95 2801 232 2837 Tibull.
249 2802 294 2843 II,
321 2804 353 2837 3.
377 2805 415 2837 11
435 2815 505 2848 sq.;
530 2804 595 2845 III,
623 2806 656 2839 4.
677 2805 720 2838 67
739 2817 791 2849 sq.
837 2805 902 2840 Ov.
922 2805 998 2840 Her
1016 2805 1059 2850 V,
1088 2805 1152 2840 151
1169 2817 1242 2851 sq.;
1268 2805 1357 2839 Met.
1384 2803 1431 2849 ΙΙ,
1461 2805 1530 2839 680
1554 2815 1624 2848 sq.;

95 2862 177 2896 Art.
208 2863 291 2897 Am.
316 2862 363 2907 ΙΙ,
391 2864 460 2898 239
487 2875 540 2908 sq.
