1912 3310
817 169 857 203 17

79 281 203 324 verba
249 279 509 332 interposuit,
560 280 707 334 quibus
754 281 956 322 alluderet
1004 282 1053 322 ad
1095 282 1149 329 id,
1195 283 1300 334 quod
1334 283 1406 324 illa
1437 296 1478 324 re
1507 295 1601 324 vera

76 347 260 389 molitur.
293 370 342 374 —
375 346 605 388 Videamus
635 347 778 400 igitur,
810 359 908 388 num
938 348 1109 388 diverbii
1140 361 1374 401 progressus
1402 349 1463 389 his
1494 350 1604 390 tene—

76 415 160 456 bris
190 413 323 455 lucem
354 412 555 454 affundat.
602 414 789 455 Phaedra
820 414 924 455 enim
958 413 1213 455 demonstrat
1239 427 1279 455 se
1309 416 1480 456 nutricis
1512 427 1602 456 con-

77 481 215 522 silium
263 478 488 534 approbare
533 480 825 533 interrogando
872 494 908 521 v.
942 481 1041 521 516:
1090 476 1256 533 πότερα
1293 480 1337 521 δὲ
1375 477 1548 533 χριστὸν
1580 476 1605 536 ἢ

77 543 217 589 ποτὸν
245 543 295 587 τό
335 542 586 601 φάρμακονς
628 546 718 588 Scio
765 548 1012 588 sexcentiens
1056 544 1260 602 φάρμακα
1310 547 1416 589 idem
1458 548 1603 601 valere,

78 614 187 668 quod
209 614 519 656 incantamenta
559 613 836 655 devinctiones
883 614 1089 656 veneficia.
1150 614 1228 656 Sed
1256 617 1392 656 nostro
1426 615 1513 656 loco
1546 615 1603 655 af-

77 681 195 722 firmo
226 680 382 723 voculis
412 676 587 732 χριστόν
625 683 664 721 et
700 677 841 721 ποτόν
879 681 979 722 satis
1007 682 1224 723 manifesto
1255 681 1489 735 significata
1520 693 1603 722 esse

77 748 256 789 remedia
285 747 338 789 ad
369 748 556 788 morbum
588 747 883 800 depellendum,
922 748 1069 801 quippe
1108 761 1210 800 quae
1243 749 1374 789 divisa
1413 761 1496 789 esse
1527 748 1605 788 sci-

78 828 208 866 amus,
240 816 362 868 prout
389 814 565 856 bibenda
588 815 653 856 vel
683 815 914 856 infricanda
946 815 1008 856 vel
1041 815 1214 868 denique
1245 815 1397 856 edenda
1429 816 1561 856 essent
1579 817 1601 856 ¹.

79 882 156 925 Sed
189 883 314 924 etiam
346 881 539 935 graviora
571 882 732 935 praesto
761 882 868 928 sunt,
903 894 1006 934 quae
1036 882 1077 922 in
1101 883 1239 934 aperto
1263 883 1416 934 ponant
1449 883 1602 922 veteres

77 949 249 991 lectores
280 949 492 990 Phaedrae
535 949 657 990 verba
700 949 868 989 minime
915 948 964 989 ad
1013 949 1157 1001 pocula
1203 949 1417 997 amatoria,
1461 948 1605 1001 quibus

79 1016 328 1069 Hippolytus
367 1016 609 1057 alliciendus
648 1017 764 1063 esset,
811 1015 879 1056 sed
912 1015 963 1056 ad
994 1015 1171 1056 remedia
1205 1015 1382 1056 furorem
1422 1014 1605 1056 levantia

78 1083 300 1124 rettulisse.
347 1082 472 1134 Nam,
514 1083 548 1123 si
580 1083 678 1136 quid
710 1082 840 1135 video,
884 1083 1068 1135 tragicus
1107 1083 1245 1123 nostro
1275 1083 1376 1132 loco,
1421 1083 1467 1122 ut
1505 1082 1606 1123 alias

79 1146 326 1203 saepissime,
359 1150 523 1191 eroticis
549 1151 835 1191 ornamentum
869 1152 1035 1202 gratum
1066 1151 1357 1202 acceptumque
1380 1149 1606 1202 suggessit;

81 1230 175 1259 cum
218 1217 282 1258 illi
331 1218 427 1259 bene
472 1218 679 1258 occultum
726 1229 886 1258 sensum
935 1217 1111 1258 assecuti
1145 1217 1253 1257 hune
1291 1217 1426 1257 locum
1463 1216 1608 1257 leniter

80 1285 139 1326 Sic
170 1284 414 1326 inflectant:
458 1285 587 1338 Long.
624 1284 736 1325 Past.
768 1284 820 1333 Il,
854 1284 890 1324 7.
924 1284 965 1324 7;
1005 1284 1193 1335 ’Ἑρωτος
1224 1277 1352 1324 (iz-'6511
1382 1283 1609 1338 φάρμακον

82 1346 134 1394 οὗ
164 1347 401 1405 πινόμενον
446 1345 527 1392 οὖν.
573 1347 837 1403 ἐσθιόμενον
884 1344 959 1390 οὔκ
1010 1349 1052 1391 ἐν
1084 1345 1215 1405 ᾠδαῖς
1245 1346 1512 1402 λαλούμενον
1542 1346 1605 1391 fin

79 1415 138 1474 μή
171 1418 338 1475 φίλημα
367 1419 438 1460 καὶ
469 1415 679 1475 περιβολή
712 1417 798 1458 κτλ.
865 1418 951 1469 Quo
989 1418 1229 1459 Theocritus
1272 1430 1431 1470 quoque
1462 1417 1607 1467 tendit,

82 1487 154 1541 qui
186 1500 210 1529 a
240 1487 418 1541 genuino
449 1499 568 1527 sensu
601 1485 809 1527 declinans
841 1485 982 1526 Musas
1014 1484 1231 1537 supponit‘2
1260 1484 1320 1525 Id.
1346 1484 1417 1533 XI,
1454 1485 1497 1524 1:

284 1549 419 1596 Οὐδὲν
449 1550 538 1594 πὸτ
568 1549 642 1592 τὸν
674 1549 815 1605 ἔρωτα
846 1552 1031 1604 πεφύκει
1063 1548 1293 1606 φάρμακον
1323 1543 1440 1600 ἄλλο,

282 1619 424 1675 Ninia,
456 1620 542 1661 οὔτ’
576 1616 810 1673 {ymen-vor,
841 1617 933 1671 ἐμὶν
964 1618 1096 1668 δοκεῖ,
1128 1611 1216 1658 οὔτ’
1250 1616 1506 1670 ἕπίπαστον,

284 1684 313 1743 ἢ
341 1687 412 1729 ταὶ
446 1686 660 1740 Πιερίδες.

84 1756 262 1798 Amatus
309 1758 446 1797 autem
493 1754 659 1795 unicum
702 1752 925 1794 remedium
972 1753 1032 1793 est
1078 1753 1124 1792 ut
1163 1751 1330 1804 Delphis
1379 1750 1611 1792 Simaethae

84 1823 192 1876 apud
224 1822 486 1864 Theocritum
518 1822 544 1862 1.
572 1821 599 1862 l.
631 1821 701 1870 (cf.
728 1820 854 1861 Anth.
886 1819 975 1860 Pal.
1000 1819 1047 1868 V,
1082 1819 1171 1859 116.
1196 1818 1406 1858 Chariton.
1429 1815 1610 1868 Aphrod.

85 1891 156 1941 VI,
189 1891 227 1932 3.
247 1890 284 1931 7.
318 1888 450 1930 Nicet.
474 1888 649 1942 Eug.11‚
683 1889 801 1937 243=;
839 1890 962 1939 atque
994 1886 1100 1926 hunc
1131 1886 1173 1925 in
1204 1884 1417 1937 tragoedia
1452 1895 1610 1935 quoque

84 1957 224 1999 nutrix
243 1969 400 2010 semper
421 1955 628 2005 subaudit,
661 1967 779 2008 quem
805 1953 995 1994 videlicet
1016 1952 1179 1993 aditura
1202 1951 1256 1991 sit
1277 1951 1343 1999 (cf.
1370 1963 1405 1991 v.
1424 1950 1503 1990 698
1520 1950 1609 2002 sq.),

85 2026 134 2066 ut
168 2024 313 2066 statim
350 2036 559 2076 exponam.
629 2022 822 2063 Amorem
869 2021 1011 2074 igitur,
1059 2032 1178 2072 quem
1221 2031 1323 2059 anus
1361 2016 1610 2058 carminibus

87 2091 242 2134 solvere
259 2104 300 2132 se
317 2103 432 2144 posse
448 2090 746 2144 profitebantur
760 2090 787 2141 ³,
819 2100 948 2140 neque
969 2088 1055 2128 arte
1083 2086 1245 2139 magica
1263 2097 1391 2138 neque
1408 2083 1611 2124 medicina

222 2258 233 2277 ¹
262 2257 316 2292 Cf.
343 2256 473 2291 Aesch.
501 2255 687 2289 Prometh.
715 2256 782 2288 478
808 2265 860 2298 sq.
890 2253 992 2287 Pind.
1021 2253 1125 2297 Pyth.
1154 2252 1218 2295 ΙΙΙ,
1246 2253 1288 2285 52
1309 2252 1381 2295 (92)
1409 2262 1461 2294 sq.
1495 2249 1614 2284 Schol.

87 2317 201 2352 Arist.
228 2316 326 2351 Plut.
351 2317 435 2350 717:
483 2313 566 2349 Τῶν
605 2310 812 2360 φαρμάκων
849 2311 891 2345 τὰ
933 2313 1005 2356 μὲν
1048 2307 1291 2353 mammam,
1335 2309 1376 2343 τὰ
1404 2310 1443 2342 δὲ
1469 2304 1613 2354 χριστά,

88 2374 130 2410 τὰ
158 2376 199 2410 δὲ
225 2372 330 2410 ποτά.

223 2436 237 2455 ²
265 2433 319 2468 Cf.
344 2431 555 2468 Callimach.
574 2431 704 2475 Epigr.
725 2430 859 2464 XLVII
878 2429 985 2463 Schn.
1013 2428 1179 2462 Praeivit
1194 2427 1416 2461 Philoxenus
1435 2426 1480 2460 cf.
1498 2425 1616 2459 Schol.

90 2493 275 2528 Theocrit..
301 2492 362 2535 XI,
395 2494 423 2525 1.
450 2490 638 2524 Plutarch.
666 2488 787 2532 Symp.
816 2488 961 2530 Quaest.
988 2487 1015 2529 Ι,
1044 2490 1063 2520 5
1087 2486 1156 2531 frg.
1184 2487 1204 2518 7
1230 2486 1269 2519 B.
1294 2485 1469 2527 Quotiens
1496 2483 1615 2526 dithy-

90 2551 248 2586 rambici
272 2554 404 2596 poetae
426 2548 690 2583 Alexandrinis
718 2547 835 2582 facem
862 2545 1121 2590 praetulerint,
1147 2544 1262 2577 miror
1288 2543 1471 2577 neminem
1499 2542 1618 2576 adhuc

91 2610 346 2645 demonstrare
373 2613 546 2643 conatum
573 2618 658 2641 esse.
687 2625 730 2630 —-
759 2606 929 2639 Ceterum
956 2604 1098 2638 Musam
1127 2606 1189 2636 aut
1215 2602 1489 2636 incantamenta
1519 2612 1616 2634 ama-

91 2669 230 2703 torium
254 2667 420 2702 furorem
443 2667 571 2700 sedare
610 2668 722 2710 negat
745 2665 855 2698 etiam
887 2662 1107 2696 Plutarchus
1135 2662 1314 2705 (Amator.
1351 2662 1417 2703 16).
1484 2659 1619 2693 Seneca

92 2727 146 2762 ita
170 2728 294 2772 potius
327 2726 398 2770 (ep.
425 2726 481 2770 9):
526 2724 613 2770 ‘ego
640 2724 711 2758 tibi
738 2722 953 2757 monstrabo
981 2721 1202 2755 amatorium
1235 2720 1311 2753 sine
1337 2718 1617 2760 medicamento,

93 2785 172 2820 sine
195 2785 323 2828 herba,
350 2785 428 2818 sine
453 2784 565 2818 ullius
591 2782 775 2817 veneficae
802 2781 983 2816 carmine:
1011 2781 1040 2814 si
1065 2780 1121 2813 vis
1150 2779 1280 2821 amari,
1307 2775 1416 2812 ama’.

228 2844 242 2863 ³
268 2843 322 2878 Cf.
350 2842 535 2877 Theocrit.
564 2842 613 2876 ld.
641 2841 687 2883 II,
713 2843 767 2874 91.
794 2840 931 2874 Tibull.
960 2839 987 2883 I,
1016 2841 1046 2872 2.
1073 2840 1117 2872 59
1136 2849 1187 2881 sq.
1216 2836 1323 2881 Verg.
1342 2838 1433 2870 Aen.
1456 2834 1518 2877 IV,
1538 2835 1618 2868 487.

1336 2897 1356 2929 2
