1912 3310
1040 213 1084 246 68

302 341 406 382 quae
437 340 529 369 cum
559 326 840 369 Alexandrina
871 325 1060 368 Phaedra
1095 325 1338 378 congruant,
1377 324 1428 365 iis
1457 324 1687 378 pensitatis,
1725 336 1829 377 quae

302 395 423 436 antea
451 394 498 435 de
529 394 707 435 Nasonis
738 393 1035 446 exemplaribus
1059 391 1345 434 Alexandrinis
1376 391 1597 444 disputavi,
1628 391 1712 432 iam
1734 403 1829 432 cum

302 475 454 516 magna
484 461 635 503 fiducia
666 460 813 502 similis
845 461 991 501 harum
1019 460 1254 501 fabularum
1287 458 1485 500 tractatio
1519 458 1570 499 ad
1600 458 1709 511 ipsos
1730 457 1829 498 Ale-

301 529 520 571 xandrinos
553 528 732 569 revocari
764 527 922 580 potest3
955 526 1063 579 apud
1093 538 1194 579 quos
1224 525 1324 566 item
1357 524 1490 566 multa
1521 524 1569 565 de
1598 523 1829 576 Euripideis

302 597 452 638 fabulis
484 595 670 637 derivata
701 594 743 634 in
775 607 849 634 usu
881 593 1006 634 fuisse
1039 606 1200 634 summa
1232 605 1325 634 cum
1364 592 1494 645 specie
1525 592 1609 633 veri
1640 591 1829 642 sumitur,

303 664 498 717 quoniam
530 675 575 703 ex
606 660 744 714 parvis
783 673 831 701 ac
861 660 1002 713 paucis
1036 659 1339 701 Alexandrinae
1377 659 1505 712 poesis
1537 658 1726 700 frustulis
1766 658 1830 699 in-

301 731 462 772 terdum
494 727 646 782 tragici
675 727 886 780 ingenium
918 727 1043 768 etiam
1076 740 1183 768 nunc
1215 727 1407 780 perlucet.

434 795 558 837 Irrita
590 795 753 848 quidem
785 795 970 848 incipias,
1015 796 1049 836 si
1079 796 1210 837 certos
1248 795 1447 843 auctores,
1494 794 1545 836 ad
1579 806 1679 847 quos
1709 793 1829 846 poeta

304 864 514 905 Romanus
544 863 585 903 in
618 862 856 904 adornanda
893 863 1089 916 Byblidos
1130 862 1270 903 fabula
1315 875 1355 903 se
1398 861 1676 911 adstrinxerit,
1724 860 1830 901 exci-

303 931 392 972 tare
418 930 540 971 testes
573 930 740 971 coneris.
801 929 917 971 Varii
949 929 1063 970 varia
1095 928 1373 976 tradiderunt;
1418 928 1596 980 primum
1637 926 1745 968 enim
1778 925 1830 967 ad

304 998 439 1050 partes
473 996 644 1038 vocandi
676 997 847 1038 Nonnus
880 996 1048 1050 Dionys.
1081 996 1198 1045 XIII,
1231 996 1312 1036 550
1344 1007 1416 1047 sq.,
1461 994 1594 1036 Schol.
1627 993 1832 1035 Theocrit.

305 1065 404 1114 VII,
435 1065 526 1117 115,
559 1064 699 1106 Conon
739 1063 904 1105 Narrat.
936 1064 990 1116 11,
1027 1063 1275 1104 Nicaenetus
1307 1061 1414 1114 apud
1445 1061 1715 1103 Parthenium
1758 1060 1831 1112 XI,

306 1132 375 1185 qui
418 1132 475 1172 sic
520 1132 711 1173 narrant:
758 1130 922 1173 Caunus
964 1131 1090 1183 amat,
1136 1129 1264 1182 fugit;
1316 1129 1459 1183 Byblis
1504 1129 1735 1170 redamasse
1771 1128 1833 1170 vi-

305 1200 436 1250 detur,
467 1212 559 1240 cum
590 1199 732 1240 fratris
764 1198 907 1252 fugam
939 1197 1185 1251 gravissime
1216 1198 1411 1238 maereat.
1472 1197 1534 1238 Ab
1565 1196 1696 1238 altera
1718 1196 1833 1249 parte

304 1268 418 1309 stant
446 1266 654 1308 Nicander
681 1262 943 1318 ‘Evepmoigta
975 1260 1012 1316 β’
1047 1265 1162 1314 (Ant.
1182 1264 1270 1305 Lib.
1301 1264 1434 1305 XXX.
1468 1263 1588 1306 Schn.
1612 1277 1649 1317 p.
1674 1264 1759 1314 55),
1792 1259 1833 1304 οἳ

306 1335 484 1384 πλείους
513 1334 621 1387 apud
640 1333 910 1375 Parthenium
941 1334 966 1374 l.
991 1333 1030 1386 1.,
1062 1332 1147 1385 ipse
1170 1332 1419 1373 Parthenius
1440 1331 1466 1372 l.
1490 1331 1517 1372 1.
1541 1332 1638 1385 (frg.
1669 1331 1833 1373 XXXII

306 1404 378 1456 M.)
393 1405 417 1454 ¹,
451 1403 642 1449 Ovidius;
676 1401 898 1443 secundum
921 1413 1021 1454 quos
1046 1400 1187 1454 Byblis
1210 1399 1367 1452 perdite
1384 1400 1509 1450 amat,
1539 1400 1710 1441 fratrem
1732 1399 1833 1452 adit,

306 1471 510 1524 repulsam
543 1471 659 1512 fert2.
722 1468 934 1521 Quomodo
978 1463 1016 1507 οἳ
1055 1466 1235 1515 πλείους
1272 1480 1365 1508 cum
1403 1466 1550 1509 Ovidio
1590 1467 1833 1520 congruant,

305 1539 425 1580 modo
455 1538 631 1591 exposui.
688 1537 840 1579 Poetae
862 1537 1048 1578 Romano
1070 1535 1280 1589 proprium
1302 1536 1374 1588 est,
1407 1534 1514 1587 quod
1538 1534 1681 1588 Byblis
1700 1529 1710 1544 ‘
1725 1546 1836 1575 com-

303 1605 438 1646 mittit
478 1617 595 1657 saepe
638 1597 801 1657 repelli'
840 1617 875 1645 v.
909 1605 1011 1656 632,
1070 1616 1194 1657 quam
1231 1602 1594 1655 amplificationem
1635 1601 1668 1642 si
1713 1613 1835 1654 para—

303 1672 495 1725 phrastae
527 1672 829 1724 oppressissent,
870 1684 947 1713 11011
982 1671 1194 1712 mirarerss.
1255 1670 1436 1711 Acerbos
1466 1669 1614 1722 luctus,
1660 1669 1702 1709 in
1734 1680 1834 1721 quos

304 1739 439 1792 puella
468 1739 560 1792 post
592 1738 732 1780 fratris
754 1738 900 1790 sugam
922 1737 1069 1779 incidit
1091 1736 1182 1787 (Ov.
1202 1738 1281 1777 635
1298 1738 1389 1789 sq.),
1426 1735 1675 1777 Nicaenetus
1695 1734 1834 1776 Conon

304 1806 553 1848 Parthenius
585 1806 681 1860 (frg.
714 1806 879 1846 XXXII
912 1818 948 1846 v.
984 1806 1001 1846 1
1037 1806 1115 1858 sq.)
1161 1805 1340 1857 exposite
1371 1804 1411 1844 et
1441 1804 1579 1856 aperte
1609 1802 1832 1844 indicant4.

442 1951 451 1969 ¹
478 1949 695 1984 Aristocriti
722 1952 760 1983 et
780 1949 968 1993 Apollonii
986 1948 1125 1983 Rhodii
1143 1948 1293 1983 nomina
1320 1949 1357 1982 in
1385 1947 1516 1992 capitis
1537 1946 1700 1981 indiculo
1720 1947 1835 1981 citata

304 2021 377 2043 non
409 2009 455 2043 ab
487 2009 565 2053 ipso
597 2008 798 2042 Parthenio
831 2008 1013 2053 originem
1052 2008 1207 2041 traxisse
1246 2007 1445 2041 verisimile
1484 2009 1555 2049 est3
1597 2006 1641 2040 cf.
1668 2005 1835 2040 Hercher

303 2067 408 2101 Erot.
437 2068 562 2111 script.
591 2066 718 2101 Graec.
746 2066 762 2099 I
788 2078 823 2110 p.
844 2066 875 2099 V
901 2077 953 2109 sq.
1004 2067 1055 2099 At
1083 2065 1213 2099 Rohde
1239 2066 1260 2099 l.
1290 2066 1311 2099 l.
1339 2077 1374 2109 p.
1398 2066 1463 2099 116
1488 2065 1606 2110 (adn.)
1645 2064 1834 2099 verissime

303 2125 413 2160 fidem
441 2129 633 2160 auctorum
660 2125 697 2158 in
727 2128 832 2158 textu
859 2125 1094 2158 laudatorum
1124 2124 1301 2158 defendit.

440 2185 453 2204 2
479 2184 587 2218 Prior
613 2183 761 2217 fabulae
788 2183 917 2226 forma,
950 2195 1061 2226 quam
1080 2183 1192 2217 etiam
1211 2183 1436 2217 Nicaenetus
1462 2182 1741 2227 antiquissimus
1760 2183 1837 2217 lau-

304 2244 475 2277 datorum
501 2246 694 2277 auctorum
721 2242 900 2285 sequitur,
928 2242 1118 2285 antiquior
1146 2241 1257 2276 fuisse
1283 2242 1442 2283 videtur,
1469 2242 1567 2286 quod
1593 2241 1836 2285 proverbium

305 2298 461 2339 Καὺιυος
497 2302 584 2345 ἔρως
622 2301 778 2345 spondet
817 2300 875 2345 (cf.
906 2300 1032 2334 Rohde
1065 2301 1087 2333 l.
1116 2301 1138 2334 l.
1180 2312 1213 2345 p.
1242 2302 1296 2334 95.
1330 2301 1377 2344 1).
1428 2301 1674 2335 Alexandrini
1712 2303 1836 2335 autem

303 2373 382 2395 rem
414 2360 664 2403 invertebant,
702 2363 742 2393 ut
769 2360 1016 2404 Hippolyteae
1050 2359 1198 2394 fabulae
1228 2360 1409 2403 populare
1437 2360 1581 2394 schema
1613 2362 1833 2404 usurpantes

304 2420 531 2455 occasionem
571 2419 872 2454 nanciscerentur
910 2418 1134 2464 depingendi
1176 2419 1367 2453 muliebris
1409 2419 1523 2453 animi
1561 2418 1748 2464 gradatim
1789 2418 1835 2453 ad

303 2480 419 2514 scelus
446 2479 616 2513 labentis.

440 2538 452 2558 ³
479 2537 602 2572 Verba
628 2534 908 2572 'T032'7T).610'1¹11)1':
945 2535 1009 2580 τὴν
1034 2537 1073 2571 δὲ
1103 2533 1170 2582 ἄρα
1200 2535 1271 2570 ὕπὸ
1299 2537 1360 2570 τοῦ
1385 2533 1527 2574 πάθους
1551 2534 1603 2581 μὴ
1629 2533 1835 2582 ἀνιεμένην,

304 2594 395 2640 πρὸς
422 2596 460 2629 δὲ
489 2599 548 2629 καὶ
575 2596 758 2630 δοκοῦσαν
784 2597 902 2629 αἰτίαν
925 2598 1113 2640 γεγονέναι
1144 2591 1273 2639 Καύνῳ
1299 2596 1359 2637 τῆς
1384 2593 1596 2639 ἀπαλλαγῆς
1627 2606 1834 2629 sermonem

303 2654 510 2700 significare
546 2657 711 2698 possunt,
752 2654 897 2698 qualem
926 2654 1080 2689 Ovidius
1114 2667 1148 2689 v.
1175 2655 1243 2688 585
1271 2666 1322 2698 sq.
1363 2654 1526 2698 puellam
1559 2657 1644 2698 post
1674 2654 1834 2698 primam

304 2714 490 2758 repulsam
525 2725 648 2747 secum
681 2713 878 2747 habentem
918 2712 1037 2758 fingit,
1079 2713 1109 2747 si
1148 2713 1356 2747 discesseris
1390 2724 1410 2746 a
1443 2713 1587 2747 diverso
1615 2714 1834 2757 argumento

302 2772 523 2816 fabulaeque
548 2783 759 2816 progressu.

437 2832 450 2851 ⁴²
478 2829 660 2864 ovidiana
684 2831 808 2874 puella
836 2831 965 2875 diripit
994 2833 1132 2865 vestem
1157 2843 1177 2865 a
1201 2833 1349 2875 pectore
1377 2843 1411 2864 v.
1431 2831 1498 2864 636
1518 2842 1583 2875 sq.,
1623 2830 1723 2874 quod
1745 2829 1833 2864 Par-

301 2889 448 2924 thenius
475 2889 552 2933 ipse
579 2901 609 2923 v.
638 2890 658 2923 5
685 2901 737 2933 sq.
766 2889 810 2924 de
835 2890 1053 2924 mulieribus
1080 2890 1239 2934 Byblida
1266 2889 1479 2935 lugentibus
1506 2891 1645 2924 narrat.
1684 2895 1687 2897 ’
