1912 3310
989 194 1033 227 88

243 309 283 350 et
315 308 509 350 Senecam
546 306 691 348 iisdem
733 305 868 354 abuti;
915 304 1054 358 qualia
1095 305 1191 345 sunt
1232 303 1390 345 incerta
1434 316 1482 345 ac
1519 303 1772 357 trepidantia

243 376 420 429 vestigia
463 374 562 426 (Cir.
598 374 688 427 171,
722 372 812 414 Sen.
844 372 937 413 367.
973 372 1071 423 374)
1111 369 1271 412 ‘nullus
1301 371 1344 411 in
1375 383 1443 412 ore
1480 370 1623 412 rubor’
1673 370 1771 421 (Cir.

246 443 337 493 180,
370 442 460 484 Sen.
484 440 581 494 376)
611 441 741 494 pallor
764 440 802 481 et
825 439 958 481 lassae
978 451 1106 491 genae
1127 437 1229 491 (Cir.
1252 438 1344 488 225,
1377 437 1469 479 Seu.
1492 438 1588 490 364)
1612 438 1773 479 crebrae

243 510 286 551 in
315 509 505 551 noctibus
545 508 731 562 querelae
773 505 872 560 (Cir.
905 505 995 555 174,
1028 505 1118 547 Sen.
1149 504 1260 556 370).
1319 504 1422 545 Plus
1467 505 1606 546 autem
1650 504 1772 555 valet,

246 576 354 630 quod
376 575 527 618 Seneca
558 575 682 616 etiam
714 573 830 614 varia
861 571 1103 613 animalium
1135 584 1284 625 genera
1317 570 1467 612 amoris
1489 571 1604 624 ignes
1625 570 1775 612 sentire

247 643 359 684 canit
391 656 427 684 v.
451 643 530 683 338
553 654 632 694 30.;
664 641 764 681 tunc
796 639 959 680 Indiam
990 639 1152 680 horrere
1182 638 1367 692 virgatas
1400 638 1528 690 tigres
1559 651 1596 679 v.
1624 638 1705 679 344
1735 638 1775 679 et

245 710 403 751 Poenos
435 709 570 750 leones
593 707 760 761 quatere
783 706 888 748 colla
911 719 948 747 v.
967 706 1067 757 3483
1100 706 1144 747 at
1161 704 1266 747 Ciris
1288 705 1431 746 auctor
1451 706 1645 746 Amorem
1662 717 1775 757 prae-

247 776 358 817 dicat
388 775 489 816 scire
517 773 694 816 ‘Poenos
725 773 926 814 domitare
947 772 1100 814 leones‘
1127 773 1166 813 et
1187 770 1314 813 ‘vires
1335 784 1616 813 mansuescere
1635 770 1772 825 tigris'

247 857 282 885 v.
304 844 382 884 153
398 855 457 896 sq.
480 865 529 870 —
557 841 696 882 Niseia
728 840 845 894 virgo
879 839 1125 881 ebacchatur
1160 852 1198 880 v.
1223 839 1300 880 167
1333 840 1373 880 et
1399 838 1568 880 esolitos
1600 838 1777 880 amictus

247 911 382 952 mente
413 921 493 950 non
521 921 621 950 sana
653 907 832 961 abnuit',
864 908 1011 961 quibus
1042 906 1216 949 Senecae
1246 906 1379 948 verbis
1411 918 1448 948 v.
1480 907 1560 947 386
1588 906 1682 958 apte
1712 918 1778 946 ex-

248 977 383 1032 plices,
413 976 520 1030 quod
540 975 644 1017 Ciris
665 976 808 1017 auctor
831 975 973 1016 narrat
995 987 1029 1015 v.
1050 975 1128 1015 168
1146 986 1203 1027 30.
1227 973 1417 1015 Phaedra
1448 973 1556 1015 enirn
1587 973 1630 1014 in
1652 973 1778 1014 silvas

247 1044 344 1086 ferri
376 1044 540 1097 exoptat
571 1056 607 1084 v.
630 1044 733 1091 4033
766 1043 964 1083 cervicem
995 1041 1141 1082 monili
1173 1053 1345 1082 vacuam
1378 1053 1461 1082 esse
1491 1040 1593 1094 vult,
1625 1040 1778 1082 crinem

248 1124 433 1165 sparsum
451 1110 619 1164 Assyrio
642 1109 762 1151 odore
794 1121 940 1150 vacare
971 1108 1026 1162 (v.
1052 1108 1143 1148 391.
1168 1108 1280 1160 393).
1325 1107 1509 1149 Eundem
1532 1107 1779 1161 virginalem

251 1178 450 1220 mundum
473 1177 604 1219 altera
629 1176 764 1230 puella
782 1175 935 1228 respuit
956 1175 1010 1228 (v.
1031 1175 1123 1216 168.
1144 1175 1240 1224 170)
1255 1177 1279 1225 ¹,
1313 1175 1552 1227 comparata
1572 1174 1647 1215 illa
1663 1186 1781 1227 prae-

248 1247 359 1287 terea
390 1257 483 1286 cum
515 1243 667 1285 baccha
699 1244 738 1284 et
768 1242 934 1296 Cybeles
966 1241 1156 1283 antistita
1190 1254 1226 1283 v.
1253 1242 1329 1282 165
1354 1254 1431 1295 sq.;
1471 1254 1644 1295 quarum
1675 1241 1781 1282 ima-

250 1312 394 1366 ginum
414 1311 524 1365 prior
541 1309 826 1352 Alexandrinis
852 1309 1015 1350 creticis
1039 1309 1195 1350 usitata
1218 1310 1257 1349 et
1277 1308 1378 1350 trita
1395 1308 1519 1350 fuisse
1536 1309 1711 1362 videtur,
1733 1309 1781 1349 ut

251 1380 387 1421 creber
419 1378 503 1420 eius
534 1377 641 1431 apud
660 1376 855 1419 Ovidium
886 1389 982 1417 usus
1015 1375 1167 1416 docet2.
1215 1375 1292 1417 Sed
1324 1375 1521 1416 adnotare
1552 1375 1672 1416 huius
1702 1375 1781 1417 loci

251 1447 312 1488 est
342 1449 481 1499 poetas
513 1457 604 1486 cum
637 1444 857 1486 sexcenties
886 1443 989 1485 alias
1020 1445 1110 1483 tum
1142 1443 1192 1484 ad
1214 1443 1290 1484 hoc
1312 1455 1473 1495 01100110
1495 1443 1781 1484 ornamentum

250 1513 540 1556 inveniendum
573 1511 782 1565 Euripidis
814 1511 929 1564 quasi
966 1511 1086 1564 pulsu
1127 1510 1321 1552 incitatos
1362 1522 1466 1559 033ος
1515 1523 1609 1552 nam
1639 1510 1708 1551 ille
1738 1510 1780 1551 in

254 1581 440 1623 Phaedra
478 1579 692 1633 lymphata
735 1579 872 1620 subito
913 1578 1054 1619 venari
1091 1578 1130 1618 et
1167 1590 1236 1630 per
1271 1577 1395 1618 silvas
1435 1589 1599 1619 cursare
1634 1578 1782 1630 parata

253 1648 382 1690 animi
411 1647 670 1689 affectionem
702 1646 888 1688 vesaniae
919 1658 966 1687 ac
1002 1645 1194 1686 bacchico
1225 1644 1354 1685 furori
1389 1645 1563 1686 similem
1599 1645 1784 1698 depinxit

253 1716 365 1769 (Hip.
388 1716 467 1756 215
491 1716 581 1768 sq).
614 1714 756 1755 Nonne
781 1713 966 1755 Phaedra
988 1714 1076 1766 ipsa
1108 1712 1280 1753 nutricis
1310 1712 1430 1753 anxia
1459 1712 1783 1764 interrogatione

254 1782 537 1836 expergefacta
568 1781 718 1822 mentis
746 1793 842 1822 suae
873 1780 1164 1821 alienationem
1187 1778 1396 1833 significat
1422 1792 1460 1820 v.
1483 1780 1580 1820 241:
1614 1776 1781 1834 ἑμάνην,

255 1847 418 1891 ἔπεσον
449 1847 653 1901 δαίμονος
683 1840 794 1904 ἒὶτᾳὲ
839 1847 1023 1899 Quocum
1056 1859 1181 1900 quam
1211 1847 1299 1888 arte
1329 1846 1572 1888 cohaereant
1602 1847 1783 1900 exempla

253 1918 361 1959 infra
392 1917 550 1967 notata,
595 1916 658 1957 vel
691 1916 785 1957 inde
816 1916 997 1968 apparet,
1040 1914 1148 1968 quod
1180 1913 1325 1967 puellis
1357 1914 1514 1967 perdite
1546 1915 1784 1956 amantibus

255 1998 549 2039 nonnunquam
575 1985 823 2039 vagabunda
855 1997 903 2027 ac
935 1984 1115 2027 volatica
1145 1985 1187 2025 in
1216 1984 1414 2025 silvarum
1445 1994 1601 2024 secessu
1633 1982 1783 2024 erratio

254 2053 483 2107 affingitur,
532 2054 578 2094 ut
610 2053 839 2106 Pasiphaae
870 2053 962 2104 (Ov.
996 2053 1086 2094 Art.
1119 2053 1212 2094 Am.
1245 2053 1276 2103 I,
1309 2053 1387 2093 311
1421 2050 1498 2105 sq.)
1531 2051 1571 2092 et
1601 2050 1785 2105 Phyllidi

256 2121 344 2173 (Ov.
368 2121 482 2162 Rem.
505 2120 596 2161 Am.
630 2121 707 2161 591
730 2121 818 2173 sq.),
850 2120 946 2161 licet
977 2120 1111 2173 ipsum
1143 2119 1322 2161 bacchae
1352 2119 1497 2169 simile,
1530 2131 1634 2172 quae
1656 2118 1785 2171 passis

257 2188 416 2241 capillis
448 2187 590 2229 volans
626 2187 883 2237 describitur,
917 2187 968 2228 ad
1004 2185 1201 2240 pingendi
1239 2187 1371 2227 artem
1409 2185 1683 2227 revocandum
1712 2184 1785 2232 sit;

256 2255 298 2297 id
330 2255 438 2309 quod
471 2255 518 2297 de
551 2255 789 2297 concidente
827 2255 980 2296 baccha
1019 2255 1175 2296 choreis
1213 2254 1318 2296 fessa
1348 2253 1486 2306 (Prop.
1516 2253 1548 2304 Ι,
1581 2253 1618 2293 3.
1651 2253 1674 2293 5
1706 2249 1786 2305 30.)

398 2459 407 2479 ¹
438 2459 531 2494 Ciris
558 2470 684 2493 versus
714 2459 780 2492 168
806 2469 858 2502 30.
889 2457 1026 2491 similes
1053 2458 1139 2490 sunt
1167 2455 1384 2490 Catullianis
1403 2453 1534 2498 LXIV,
1563 2454 1606 2488 63
1629 2465 1698 2497 sq.;
1726 2452 1789 2487 scd

259 2517 542 2552 similitudinem
581 2529 653 2551 una
689 2520 863 2551 externae.
896 2515 1037 2550 formae
1063 2514 1305 2560 congruentia
1341 2513 1441 2548 facit.
1492 2513 1564 2547 Ter
1588 2513 1788 2558 repetitum

258 2574 368 2610 ‘non'
411 2577 523 2611 etiam
558 2576 634 2610 Cat.
670 2577 714 2610 39
751 2587 802 2619 sq.
837 2579 872 2609 et
906 2575 976 2609 Cir.
1009 2576 1073 2609 177
1108 2586 1159 2618 sq.
1188 2573 1387 2612 invenitur,
1427 2575 1468 2606 ut
1506 2569 1619 2606 ‘tum‘
1661 2572 1789 2606 eodem

260 2635 371 2670 modo
400 2635 603 2679 repetitum
632 2635 702 2669 Cir.
730 2635 798 2668 387
825 2646 877 2678 30.
905 2637 942 2668 et
969 2634 1046 2668 Cat.
1079 2634 1131 2667 19.
1159 2645 1212 2677 sq.

394 2695 407 2714 ‘²
436 2694 540 2729 Rem.
566 2697 647 2727 Am.
682 2693 748 2726 593
780 2704 832 2736 sq.
870 2692 930 2736 (cf.
955 2692 1108 2726 Knaack
1138 2692 1160 2725 1.
1187 2692 1209 2725 1.
1250 2703 1285 2735 p.
1312 2690 1369 2735 36)
1410 2690 1497 2725 Her.
1524 2690 1569 2734 X,
1595 2691 1653 2724 47.
1703 2690 1784 2724 Art.

261 2752 342 2787 Am.
370 2753 398 2796 I,
424 2752 510 2796 3123
539 2753 602 2795 III,
630 2754 707 2786 710.
751 2752 801 2786 Cf.
825 2752 933 2796 Prop.
954 2752 1015 2792 IV,
1043 2753 1076 2786 8.
1100 2752 1160 2795 14;
1190 2749 1232 2794 V,
1258 2752 1289 2784 4.
1318 2752 1359 2784 71
1389 2761 1440 2794 sq.
1467 2749 1511 2783 H.
1564 2748 1649 2782 Alio
1682 2760 1788 2782 sensu

260 2811 348 2854 Iole,
376 2822 485 2855 quam
512 2811 688 2845 Hercules
714 2811 824 2855 rapit,
864 2811 910 2844 ab
936 2810 1117 2854 Euripide
1143 2821 1226 2845 cum
1251 2809 1390 2844 baccha
1419 2810 1660 2853 comparatur
1686 2807 1788 2851 (Hip.

263 2870 363 2914 550),
391 2881 602 2914 quanquam
628 2870 728 2904 locus
755 2873 952 2914 corruptus
979 2873 1043 2903 est.
