<?xml version="1.0" encoding="UTF-8"?>
<!DOCTYPE html PUBLIC "-//W3C//DTD XHTML 1.0 Transitional//EN"
    "http://www.w3.org/TR/xhtml1/DTD/xhtml1-transitional.dtd">
<html xmlns="http://www.w3.org/1999/xhtml" xml:lang="en" lang="en">
 <head>
  <title>
</title>
<meta http-equiv="Content-Type" content="text/html;charset=utf-8" />
  <meta name='ocr-system' content='tesseract 3.04.00' />
  <meta name='ocr-capabilities' content='ocr_page ocr_carea ocr_par ocr_line ocrx_word'/>
</head>
<body>
  <div class='ocr_page' id='page_1' title='image "./dehippolytiseuri00kalkuoft_0009.png"; bbox 0 0 1950 3310; ppageno 0'>
   <div class='ocr_carea' id='block_1_1' title="bbox 43 741 1629 1874">
    <p class='ocr_par' dir='ltr' id='par_1_1' title="bbox 43 741 1629 1874">
     <span class='ocr_line' id='line_1_1' title="bbox 227 741 1622 797; baseline -0.003 -10"><span class='ocrx_word' id='word_1_1' title='bbox 227 745 366 787; x_wconf 89' lang='lat' dir='ltr'>Novas</span> <span class='ocrx_word' id='word_1_2' title='bbox 398 745 471 786; x_wconf 91' lang='lat' dir='ltr'>has</span> <span class='ocrx_word' id='word_1_3' title='bbox 492 742 750 797; x_wconf 74' lang='lat' dir='ltr'>quaestiones</span> <span class='ocrx_word' id='word_1_4' title='bbox 771 741 963 792; x_wconf 87' lang='lat' dir='ltr'>inscribo,</span> <span class='ocrx_word' id='word_1_5' title='bbox 996 754 1075 782; x_wconf 89' lang='lat' dir='ltr'>non</span> <span class='ocrx_word' id='word_1_6' title='bbox 1097 742 1260 783; x_wconf 88' lang='lat' dir='ltr'>tantum</span> <span class='ocrx_word' id='word_1_7' title='bbox 1285 742 1381 795; x_wconf 87' lang='lat' dir='ltr'>quia</span> <span class='ocrx_word' id='word_1_8' title='bbox 1403 742 1622 784; x_wconf 72' lang='lat' dir='ltr'>materiam</span> 
     </span>
     <span class='ocr_line' id='line_1_2' title="bbox 94 809 1625 863; baseline -0.003 -9"><span class='ocrx_word' id='word_1_9' title='bbox 94 813 147 855; x_wconf 89' lang='lat' dir='ltr'>ab</span> <span class='ocrx_word' id='word_1_10' title='bbox 177 812 269 854; x_wconf 88' lang='lat' dir='ltr'>aliis</span> <span class='ocrx_word' id='word_1_11' title='bbox 299 812 525 862; x_wconf 73' lang='lat' dir='ltr'>tractatam</span> <span class='ocrx_word' id='word_1_12' title='bbox 557 809 792 859; x_wconf 80' lang='lat' dir='ltr'>retractavi,</span> <span class='ocrx_word' id='word_1_13' title='bbox 826 809 893 850; x_wconf 90' lang='lat' dir='ltr'>sed</span> <span class='ocrx_word' id='word_1_14' title='bbox 926 809 1023 862; x_wconf 89' lang='lat' dir='ltr'>quia</span> <span class='ocrx_word' id='word_1_15' title='bbox 1054 809 1222 851; x_wconf 89' lang='lat' dir='ltr'>insolita</span> <span class='ocrx_word' id='word_1_16' title='bbox 1255 810 1415 851; x_wconf 91' lang='lat' dir='ltr'>ratione</span> <span class='ocrx_word' id='word_1_17' title='bbox 1447 811 1498 852; x_wconf 88' lang='lat' dir='ltr'>ab</span> <span class='ocrx_word' id='word_1_18' title='bbox 1521 810 1625 863; x_wconf 89' lang='lat' dir='ltr'>Hip-</span> 
     </span>
     <span class='ocr_line' id='line_1_3' title="bbox 93 875 1623 933; baseline -0.001 -13"><span class='ocrx_word' id='word_1_19' title='bbox 93 879 243 933; x_wconf 87' lang='lat' dir='ltr'>polytis</span> <span class='ocrx_word' id='word_1_20' title='bbox 275 877 506 931; x_wconf 88' lang='lat' dir='ltr'>Euripideis</span> <span class='ocrx_word' id='word_1_21' title='bbox 537 876 588 918; x_wconf 88' lang='lat' dir='ltr'>ad</span> <span class='ocrx_word' id='word_1_22' title='bbox 620 875 781 917; x_wconf 86' lang='lat' dir='ltr'>serioris</span> <span class='ocrx_word' id='word_1_23' title='bbox 813 876 963 918; x_wconf 88' lang='lat' dir='ltr'>aetatis</span> <span class='ocrx_word' id='word_1_24' title='bbox 995 876 1155 917; x_wconf 80' lang='lat' dir='ltr'>litteras</span> <span class='ocrx_word' id='word_1_25' title='bbox 1187 877 1409 918; x_wconf 85' lang='lat' dir='ltr'>ascendens</span> <span class='ocrx_word' id='word_1_26' title='bbox 1440 877 1481 918; x_wconf 88' lang='lat' dir='ltr'>in</span> <span class='ocrx_word' id='word_1_27' title='bbox 1506 878 1623 918; x_wconf 85' lang='lat' dir='ltr'>vasto</span> 
     </span>
     <span class='ocr_line' id='line_1_4' title="bbox 93 942 1624 997; baseline -0.003 -9"><span class='ocrx_word' id='word_1_28' title='bbox 93 946 269 989; x_wconf 83' lang='lat' dir='ltr'>maxime</span> <span class='ocrx_word' id='word_1_29' title='bbox 286 944 588 987; x_wconf 82' lang='lat' dir='ltr'>Alexandrinae</span> <span class='ocrx_word' id='word_1_30' title='bbox 606 943 736 996; x_wconf 88' lang='lat' dir='ltr'>poesis</span> <span class='ocrx_word' id='word_1_31' title='bbox 752 955 895 996; x_wconf 88' lang='lat' dir='ltr'>campo</span> <span class='ocrx_word' id='word_1_32' title='bbox 913 943 1170 995; x_wconf 88' lang='lat' dir='ltr'>geminarum</span> <span class='ocrx_word' id='word_1_33' title='bbox 1190 942 1424 985; x_wconf 88' lang='lat' dir='ltr'>fabularum</span> <span class='ocrx_word' id='word_1_34' title='bbox 1448 944 1624 997; x_wconf 86' lang='lat' dir='ltr'>vestigia</span> 
     </span>
     <span class='ocr_line' id='line_1_5' title="bbox 93 1009 1626 1067; baseline -0.002 -13"><span class='ocrx_word' id='word_1_35' title='bbox 93 1012 280 1067; x_wconf 85' lang='lat' dir='ltr'>persequi</span> <span class='ocrx_word' id='word_1_36' title='bbox 325 1012 495 1053; x_wconf 89' lang='lat' dir='ltr'>conatus</span> <span class='ocrx_word' id='word_1_37' title='bbox 539 1023 641 1052; x_wconf 92' lang='lat' dir='ltr'>sum.</span> <span class='ocrx_word' id='word_1_38' title='bbox 708 1010 815 1051; x_wconf 84' lang='lat' dir='ltr'>Nam</span> <span class='ocrx_word' id='word_1_39' title='bbox 862 1010 933 1062; x_wconf 91' lang='lat' dir='ltr'>qui</span> <span class='ocrx_word' id='word_1_40' title='bbox 974 1009 1190 1063; x_wconf 77' lang='lat' dir='ltr'>Hippolyti</span> <span class='ocrx_word' id='word_1_41' title='bbox 1239 1009 1424 1052; x_wconf 84' lang='lat' dir='ltr'>fabulam</span> <span class='ocrx_word' id='word_1_42' title='bbox 1472 1010 1626 1051; x_wconf 83' lang='lat' dir='ltr'>exami-</span> 
     </span>
     <span class='ocr_line' id='line_1_6' title="bbox 95 1076 1624 1133; baseline -0.003 -12"><span class='ocrx_word' id='word_1_43' title='bbox 95 1080 218 1131; x_wconf 89' lang='lat' dir='ltr'>narit,</span> <span class='ocrx_word' id='word_1_44' title='bbox 250 1078 453 1133; x_wconf 89' lang='lat' dir='ltr'>quomodo</span> <span class='ocrx_word' id='word_1_45' title='bbox 484 1092 508 1120; x_wconf 92' lang='lat' dir='ltr'>a</span> <span class='ocrx_word' id='word_1_46' title='bbox 535 1079 665 1131; x_wconf 89' lang='lat' dir='ltr'>poetis</span> <span class='ocrx_word' id='word_1_47' title='bbox 691 1079 731 1118; x_wconf 91' lang='lat' dir='ltr'>et</span> <span class='ocrx_word' id='word_1_48' title='bbox 758 1077 808 1118; x_wconf 90' lang='lat' dir='ltr'>ab</span> <span class='ocrx_word' id='word_1_49' title='bbox 830 1076 1056 1118; x_wconf 84' lang='lat' dir='ltr'>artificibus</span> <span class='ocrx_word' id='word_1_50' title='bbox 1077 1078 1259 1118; x_wconf 83' lang='lat' dir='ltr'>tractata</span> <span class='ocrx_word' id='word_1_51' title='bbox 1286 1077 1352 1127; x_wconf 88' lang='lat' dir='ltr'>sit,</span> <span class='ocrx_word' id='word_1_52' title='bbox 1385 1077 1491 1131; x_wconf 92' lang='lat' dir='ltr'>quod</span> <span class='ocrx_word' id='word_1_53' title='bbox 1525 1076 1624 1118; x_wconf 88' lang='lat' dir='ltr'>olim</span> 
     </span>
     <span class='ocr_line' id='line_1_7' title="bbox 94 1144 1626 1199; baseline -0.003 -11"><span class='ocrx_word' id='word_1_54' title='bbox 94 1147 138 1188; x_wconf 90' lang='lat' dir='ltr'>in</span> <span class='ocrx_word' id='word_1_55' title='bbox 167 1146 307 1189; x_wconf 90' lang='lat' dir='ltr'>libello</span> <span class='ocrx_word' id='word_1_56' title='bbox 340 1145 520 1199; x_wconf 87' lang='lat' dir='ltr'>praemio</span> <span class='ocrx_word' id='word_1_57' title='bbox 553 1145 697 1186; x_wconf 88' lang='lat' dir='ltr'>ornato</span> <span class='ocrx_word' id='word_1_58' title='bbox 729 1144 931 1197; x_wconf 86' lang='lat' dir='ltr'>praestiti,</span> <span class='ocrx_word' id='word_1_59' title='bbox 963 1156 1055 1185; x_wconf 89' lang='lat' dir='ltr'>eum</span> <span class='ocrx_word' id='word_1_60' title='bbox 1086 1156 1166 1185; x_wconf 90' lang='lat' dir='ltr'>non</span> <span class='ocrx_word' id='word_1_61' title='bbox 1194 1144 1339 1197; x_wconf 88' lang='lat' dir='ltr'>fugiet,</span> <span class='ocrx_word' id='word_1_62' title='bbox 1375 1146 1626 1198; x_wconf 85' lang='lat' dir='ltr'>quantopere</span> 
     </span>
     <span class='ocr_line' id='line_1_8' title="bbox 97 1210 1626 1268; baseline -0.003 -12"><span class='ocrx_word' id='word_1_63' title='bbox 97 1215 272 1268; x_wconf 90' lang='lat' dir='ltr'>utraque</span> <span class='ocrx_word' id='word_1_64' title='bbox 302 1212 510 1266; x_wconf 85' lang='lat' dir='ltr'>Euripidis</span> <span class='ocrx_word' id='word_1_65' title='bbox 545 1212 686 1254; x_wconf 86' lang='lat' dir='ltr'>fabula</span> <span class='ocrx_word' id='word_1_66' title='bbox 729 1212 853 1253; x_wconf 82' lang='lat' dir='ltr'>etiam</span> <span class='ocrx_word' id='word_1_67' title='bbox 896 1212 1008 1252; x_wconf 81' lang='lat' dir='ltr'>extra</span> <span class='ocrx_word' id='word_1_68' title='bbox 1049 1210 1148 1252; x_wconf 88' lang='lat' dir='ltr'>fines</span> <span class='ocrx_word' id='word_1_69' title='bbox 1187 1211 1350 1253; x_wconf 85' lang='lat' dir='ltr'>Atticos</span> <span class='ocrx_word' id='word_1_70' title='bbox 1386 1214 1425 1254; x_wconf 90' lang='lat' dir='ltr'>et</span> <span class='ocrx_word' id='word_1_71' title='bbox 1457 1212 1626 1254; x_wconf 87' lang='lat' dir='ltr'>audien-</span> 
     </span>
     <span class='ocr_line' id='line_1_9' title="bbox 43 1278 1626 1334; baseline -0.003 -11"><span class='ocrx_word' id='word_1_72' title='bbox 43 1301 49 1314; x_wconf 76' lang='lat'><em>‹</em></span> <span class='ocrx_word' id='word_1_73' title='bbox 95 1281 201 1323; x_wconf 88' lang='lat' dir='ltr'>tium</span> <span class='ocrx_word' id='word_1_74' title='bbox 239 1281 279 1322; x_wconf 91' lang='lat' dir='ltr'>et</span> <span class='ocrx_word' id='word_1_75' title='bbox 314 1280 540 1334; x_wconf 88' lang='lat' dir='ltr'>legentium</span> <span class='ocrx_word' id='word_1_76' title='bbox 578 1280 736 1321; x_wconf 88' lang='lat' dir='ltr'>animos</span> <span class='ocrx_word' id='word_1_77' title='bbox 767 1279 1046 1320; x_wconf 86' lang='lat' dir='ltr'>commoverit.</span> <span class='ocrx_word' id='word_1_78' title='bbox 1077 1301 1132 1306; x_wconf 87' lang='lat'>——</span> <span class='ocrx_word' id='word_1_79' title='bbox 1162 1278 1305 1332; x_wconf 87' lang='lat' dir='ltr'>Neque</span> <span class='ocrx_word' id='word_1_80' title='bbox 1342 1292 1436 1320; x_wconf 87' lang='lat' dir='ltr'>vero</span> <span class='ocrx_word' id='word_1_81' title='bbox 1468 1279 1626 1320; x_wconf 80' lang='lat' dir='ltr'>incom-</span> 
     </span>
     <span class='ocr_line' id='line_1_10' title="bbox 97 1345 1626 1400; baseline -0.003 -10"><span class='ocrx_word' id='word_1_82' title='bbox 97 1348 216 1390; x_wconf 87' lang='lat' dir='ltr'>mode</span> <span class='ocrx_word' id='word_1_83' title='bbox 246 1348 348 1389; x_wconf 85' lang='lat' dir='ltr'>mihi</span> <span class='ocrx_word' id='word_1_84' title='bbox 378 1348 518 1390; x_wconf 85' lang='lat' dir='ltr'>videor</span> <span class='ocrx_word' id='word_1_85' title='bbox 548 1348 670 1389; x_wconf 86' lang='lat' dir='ltr'>antea</span> <span class='ocrx_word' id='word_1_86' title='bbox 701 1346 921 1388; x_wconf 89' lang='lat' dir='ltr'>nonnullas</span> <span class='ocrx_word' id='word_1_87' title='bbox 953 1346 1001 1387; x_wconf 90' lang='lat' dir='ltr'>de</span> <span class='ocrx_word' id='word_1_88' title='bbox 1039 1346 1201 1387; x_wconf 88' lang='lat' dir='ltr'>servata</span> <span class='ocrx_word' id='word_1_89' title='bbox 1233 1346 1451 1400; x_wconf 72' lang='lat' dir='ltr'>Hippolyti</span> <span class='ocrx_word' id='word_1_90' title='bbox 1485 1345 1626 1387; x_wconf 89' lang='lat' dir='ltr'>fabula</span> 
     </span>
     <span class='ocr_line' id='line_1_11' title="bbox 97 1413 1626 1469; baseline -0.003 -12"><span class='ocrx_word' id='word_1_91' title='bbox 97 1415 368 1469; x_wconf 82' lang='lat' dir='ltr'>quaestiones,</span> <span class='ocrx_word' id='word_1_92' title='bbox 399 1427 505 1468; x_wconf 89' lang='lat' dir='ltr'>quae</span> <span class='ocrx_word' id='word_1_93' title='bbox 533 1415 746 1467; x_wconf 77' lang='lat' dir='ltr'>praecipue</span> <span class='ocrx_word' id='word_1_94' title='bbox 777 1414 827 1455; x_wconf 88' lang='lat' dir='ltr'>ad</span> <span class='ocrx_word' id='word_1_95' title='bbox 858 1425 1122 1466; x_wconf 89' lang='lat' dir='ltr'>personarum</span> <span class='ocrx_word' id='word_1_96' title='bbox 1146 1425 1277 1454; x_wconf 88' lang='lat' dir='ltr'>mores</span> <span class='ocrx_word' id='word_1_97' title='bbox 1304 1413 1504 1465; x_wconf 87' lang='lat' dir='ltr'>spectant,</span> <span class='ocrx_word' id='word_1_98' title='bbox 1537 1424 1626 1465; x_wconf 91' lang='lat' dir='ltr'>pro-</span> 
     </span>
     <span class='ocr_line' id='line_1_12' title="bbox 96 1478 1627 1537; baseline -0.004 -12"><span class='ocrx_word' id='word_1_99' title='bbox 96 1496 256 1537; x_wconf 87' lang='lat' dir='ltr'>ponere,</span> <span class='ocrx_word' id='word_1_100' title='bbox 290 1495 381 1524; x_wconf 90' lang='lat' dir='ltr'>cum</span> <span class='ocrx_word' id='word_1_101' title='bbox 409 1481 519 1531; x_wconf 89' lang='lat' dir='ltr'>illae,</span> <span class='ocrx_word' id='word_1_102' title='bbox 551 1482 584 1522; x_wconf 90' lang='lat' dir='ltr'>si</span> <span class='ocrx_word' id='word_1_103' title='bbox 616 1492 720 1534; x_wconf 87' lang='lat' dir='ltr'>quae</span> <span class='ocrx_word' id='word_1_104' title='bbox 751 1493 945 1534; x_wconf 87' lang='lat' dir='ltr'>unquam,</span> <span class='ocrx_word' id='word_1_105' title='bbox 985 1492 1065 1521; x_wconf 88' lang='lat' dir='ltr'>non</span> <span class='ocrx_word' id='word_1_106' title='bbox 1098 1479 1198 1521; x_wconf 86' lang='lat' dir='ltr'>certi</span> <span class='ocrx_word' id='word_1_107' title='bbox 1229 1479 1464 1533; x_wconf 85' lang='lat' dir='ltr'>singulique</span> <span class='ocrx_word' id='word_1_108' title='bbox 1495 1478 1627 1520; x_wconf 90' lang='lat' dir='ltr'>homi-</span> 
     </span>
     <span class='ocr_line' id='line_1_13' title="bbox 96 1544 1626 1603; baseline -0.005 -11"><span class='ocrx_word' id='word_1_109' title='bbox 96 1562 166 1592; x_wconf 88' lang='lat' dir='ltr'>nes</span> <span class='ocrx_word' id='word_1_110' title='bbox 208 1551 303 1599; x_wconf 91' lang='lat' dir='ltr'>sint‚</span> <span class='ocrx_word' id='word_1_111' title='bbox 349 1550 419 1603; x_wconf 91' lang='lat' dir='ltr'>qui</span> <span class='ocrx_word' id='word_1_112' title='bbox 464 1548 585 1590; x_wconf 88' lang='lat' dir='ltr'>semel</span> <span class='ocrx_word' id='word_1_113' title='bbox 624 1548 813 1599; x_wconf 78' lang='lat' dir='ltr'>vixerint,</span> <span class='ocrx_word' id='word_1_114' title='bbox 861 1547 929 1588; x_wconf 89' lang='lat' dir='ltr'>sed</span> <span class='ocrx_word' id='word_1_115' title='bbox 969 1547 1104 1600; x_wconf 88' lang='lat' dir='ltr'>potius</span> <span class='ocrx_word' id='word_1_116' title='bbox 1142 1547 1193 1588; x_wconf 90' lang='lat' dir='ltr'>ad</span> <span class='ocrx_word' id='word_1_117' title='bbox 1230 1547 1386 1588; x_wconf 86' lang='lat' dir='ltr'>certum</span> <span class='ocrx_word' id='word_1_118' title='bbox 1420 1544 1626 1598; x_wconf 86' lang='lat' dir='ltr'>quoddam</span> 
     </span>
     <span class='ocr_line' id='line_1_14' title="bbox 97 1613 1628 1671; baseline -0.005 -11"><span class='ocrx_word' id='word_1_119' title='bbox 97 1619 311 1660; x_wconf 90' lang='lat' dir='ltr'>hominum</span> <span class='ocrx_word' id='word_1_120' title='bbox 331 1629 459 1671; x_wconf 83' lang='lat' dir='ltr'>genus</span> <span class='ocrx_word' id='word_1_121' title='bbox 481 1616 714 1669; x_wconf 88' lang='lat' dir='ltr'>pertineant</span> <span class='ocrx_word' id='word_1_122' title='bbox 731 1618 753 1657; x_wconf 91' lang='lat'>¹.</span> <span class='ocrx_word' id='word_1_123' title='bbox 815 1615 882 1656; x_wconf 90' lang='lat' dir='ltr'>An</span> <span class='ocrx_word' id='word_1_124' title='bbox 904 1628 984 1656; x_wconf 88' lang='lat' dir='ltr'>non</span> <span class='ocrx_word' id='word_1_125' title='bbox 1006 1615 1225 1668; x_wconf 74' lang='lat' dir='ltr'>intellegis,</span> <span class='ocrx_word' id='word_1_126' title='bbox 1257 1614 1508 1667; x_wconf 89' lang='lat' dir='ltr'>quantopere</span> <span class='ocrx_word' id='word_1_127' title='bbox 1529 1613 1628 1654; x_wconf 90' lang='lat' dir='ltr'>haec</span> 
     </span>
     <span class='ocr_line' id='line_1_15' title="bbox 95 1679 1629 1733; baseline -0.004 -6"><span class='ocrx_word' id='word_1_128' title='bbox 95 1698 159 1727; x_wconf 90' lang='lat' dir='ltr'>res</span> <span class='ocrx_word' id='word_1_129' title='bbox 190 1685 468 1726; x_wconf 87' lang='lat' dir='ltr'>imitationem</span> <span class='ocrx_word' id='word_1_130' title='bbox 498 1683 695 1726; x_wconf 89' lang='lat' dir='ltr'>adiuvare</span> <span class='ocrx_word' id='word_1_131' title='bbox 726 1682 944 1724; x_wconf 75' lang='lat' dir='ltr'>debuerit?</span> <span class='ocrx_word' id='word_1_132' title='bbox 1005 1682 1105 1724; x_wconf 90' lang='lat' dir='ltr'>Inde</span> <span class='ocrx_word' id='word_1_133' title='bbox 1135 1683 1275 1723; x_wconf 88' lang='lat' dir='ltr'>autem</span> <span class='ocrx_word' id='word_1_134' title='bbox 1308 1681 1359 1723; x_wconf 86' lang='lat' dir='ltr'>ad</span> <span class='ocrx_word' id='word_1_135' title='bbox 1391 1679 1629 1733; x_wconf 84' lang='lat' dir='ltr'>tragoediae</span> 
     </span>
     <span class='ocr_line' id='line_1_16' title="bbox 96 1747 1629 1806; baseline -0.005 -12"><span class='ocrx_word' id='word_1_136' title='bbox 96 1752 330 1806; x_wconf 86' lang='lat' dir='ltr'>deperditae</span> <span class='ocrx_word' id='word_1_137' title='bbox 356 1751 581 1804; x_wconf 81' lang='lat' dir='ltr'>imaginem</span> <span class='ocrx_word' id='word_1_138' title='bbox 611 1750 974 1804; x_wconf 85' lang='lat' dir='ltr'>redintegrandam</span> <span class='ocrx_word' id='word_1_139' title='bbox 999 1750 1204 1803; x_wconf 86' lang='lat' dir='ltr'>progressi</span> <span class='ocrx_word' id='word_1_140' title='bbox 1233 1749 1319 1790; x_wconf 87' lang='lat' dir='ltr'>iam</span> <span class='ocrx_word' id='word_1_141' title='bbox 1339 1747 1566 1801; x_wconf 87' lang='lat' dir='ltr'>paratiores</span> <span class='ocrx_word' id='word_1_142' title='bbox 1590 1747 1629 1788; x_wconf 88' lang='lat' dir='ltr'>et</span> 
     </span>
     <span class='ocr_line' id='line_1_17' title="bbox 98 1815 1628 1874; baseline -0.004 -13"><span class='ocrx_word' id='word_1_143' title='bbox 98 1819 214 1874; x_wconf 87' lang='lat' dir='ltr'>quasi</span> <span class='ocrx_word' id='word_1_144' title='bbox 245 1820 388 1873; x_wconf 83' lang='lat' dir='ltr'>sponte</span> <span class='ocrx_word' id='word_1_145' title='bbox 417 1819 469 1861; x_wconf 89' lang='lat' dir='ltr'>ad</span> <span class='ocrx_word' id='word_1_146' title='bbox 499 1819 673 1860; x_wconf 87' lang='lat' dir='ltr'>alteram</span> <span class='ocrx_word' id='word_1_147' title='bbox 704 1818 821 1860; x_wconf 91' lang='lat' dir='ltr'>illam</span> <span class='ocrx_word' id='word_1_148' title='bbox 843 1818 1145 1860; x_wconf 86' lang='lat' dir='ltr'>dissertationis</span> <span class='ocrx_word' id='word_1_149' title='bbox 1167 1818 1327 1870; x_wconf 89' lang='lat' dir='ltr'>partem</span> <span class='ocrx_word' id='word_1_150' title='bbox 1348 1815 1628 1857; x_wconf 86' lang='lat' dir='ltr'>traducemur.</span> 
     </span>
    </p>
   </div>
   <div class='ocr_carea' id='block_1_2' title="bbox 843 2055 875 2097">
    <p class='ocr_par' dir='ltr' id='par_1_2' title="bbox 843 2055 875 2097">
     <span class='ocr_line' id='line_1_18' title="bbox 843 2055 875 2097; baseline 0 0"><span class='ocrx_word' id='word_1_151' title='bbox 843 2055 875 2097; x_wconf 92' lang='lat' dir='ltr'>I.</span> 
     </span>
    </p>
   </div>
   <div class='ocr_carea' id='block_1_3' title="bbox 99 2178 1632 2640">
    <p class='ocr_par' dir='ltr' id='par_1_3' title="bbox 99 2178 1632 2640">
     <span class='ocr_line' id='line_1_19' title="bbox 230 2178 1631 2236; baseline -0.003 -13"><span class='ocrx_word' id='word_1_152' title='bbox 230 2182 467 2236; x_wconf 87' lang='lat' dir='ltr'>Euripidem</span> <span class='ocrx_word' id='word_1_153' title='bbox 499 2181 623 2223; x_wconf 89' lang='lat' dir='ltr'>etiam</span> <span class='ocrx_word' id='word_1_154' title='bbox 655 2181 741 2222; x_wconf 86' lang='lat' dir='ltr'>sine-</span> <span class='ocrx_word' id='word_1_155' title='bbox 773 2180 924 2221; x_wconf 85' lang='lat' dir='ltr'>diserto</span> <span class='ocrx_word' id='word_1_156' title='bbox 955 2179 1206 2229; x_wconf 88' lang='lat' dir='ltr'>testimonio,</span> <span class='ocrx_word' id='word_1_157' title='bbox 1241 2178 1349 2232; x_wconf 90' lang='lat' dir='ltr'>quod</span> <span class='ocrx_word' id='word_1_158' title='bbox 1381 2178 1538 2220; x_wconf 86' lang='lat' dir='ltr'>facetus</span> <span class='ocrx_word' id='word_1_159' title='bbox 1561 2178 1631 2219; x_wconf 91' lang='lat' dir='ltr'>ille</span> 
     </span>
     <span class='ocr_line' id='line_1_20' title="bbox 100 2245 1629 2302; baseline -0.004 -11"><span class='ocrx_word' id='word_1_160' title='bbox 100 2250 279 2292; x_wconf 89' lang='lat' dir='ltr'>comicus</span> <span class='ocrx_word' id='word_1_161' title='bbox 313 2249 578 2290; x_wconf 83' lang='lat' dir='ltr'>Atheniensis</span> <span class='ocrx_word' id='word_1_162' title='bbox 610 2248 689 2302; x_wconf 88' lang='lat' dir='ltr'>ipsi</span> <span class='ocrx_word' id='word_1_163' title='bbox 719 2247 921 2289; x_wconf 90' lang='lat' dir='ltr'>invidioso</span> <span class='ocrx_word' id='word_1_164' title='bbox 953 2247 1114 2288; x_wconf 86' lang='lat' dir='ltr'>aemulo</span> <span class='ocrx_word' id='word_1_165' title='bbox 1154 2246 1306 2287; x_wconf 86' lang='lat' dir='ltr'>subicit</span> <span class='ocrx_word' id='word_1_166' title='bbox 1343 2245 1491 2299; x_wconf 87' lang='lat' dir='ltr'>(Arist.</span> <span class='ocrx_word' id='word_1_167' title='bbox 1525 2245 1629 2286; x_wconf 85' lang='lat' dir='ltr'>Ran.</span> 
     </span>
     <span class='ocr_line' id='line_1_21' title="bbox 99 2309 1632 2368; baseline -0.005 -9"><span class='ocrx_word' id='word_1_168' title='bbox 99 2317 211 2368; x_wconf 82' lang='lat'>959),</span> <span class='ocrx_word' id='word_1_169' title='bbox 257 2317 452 2358; x_wconf 85' lang='lat' dir='ltr'>sciremus</span> <span class='ocrx_word' id='word_1_170' title='bbox 497 2316 548 2358; x_wconf 93' lang='lat' dir='ltr'>ad</span> <span class='ocrx_word' id='word_1_171' title='bbox 579 2315 851 2357; x_wconf 86' lang='lat' dir='ltr'>domesticam</span> <span class='ocrx_word' id='word_1_172' title='bbox 896 2315 935 2356; x_wconf 89' lang='lat' dir='ltr'>et</span> <span class='ocrx_word' id='word_1_173' title='bbox 982 2326 1241 2356; x_wconf 84' lang='lat' dir='ltr'>communem</span> <span class='ocrx_word' id='word_1_174' title='bbox 1291 2313 1421 2354; x_wconf 89' lang='lat' dir='ltr'>vitam</span> <span class='ocrx_word' id='word_1_175' title='bbox 1474 2309 1632 2365; x_wconf 80' lang='grc' dir='ltr'>(οἰκεῖα</span> 
     </span>
     <span class='ocr_line' id='line_1_22' title="bbox 100 2380 1631 2437; baseline -0.003 -13"><span class='ocrx_word' id='word_1_176' title='bbox 100 2380 348 2437; x_wconf 81' lang='grc' dir='ltr'><strong><em>πράγματα)</em></strong></span> <span class='ocrx_word' id='word_1_177' title='bbox 393 2383 578 2425; x_wconf 86' lang='lat' dir='ltr'>animum</span> <span class='ocrx_word' id='word_1_178' title='bbox 623 2383 798 2425; x_wconf 83' lang='lat' dir='ltr'>maxime</span> <span class='ocrx_word' id='word_1_179' title='bbox 844 2382 1065 2424; x_wconf 87' lang='lat' dir='ltr'>rettulisse.</span> <span class='ocrx_word' id='word_1_180' title='bbox 1127 2380 1214 2433; x_wconf 83' lang='lat' dir='ltr'>Quo</span> <span class='ocrx_word' id='word_1_181' title='bbox 1255 2380 1411 2422; x_wconf 83' lang='lat' dir='ltr'>sactum</span> <span class='ocrx_word' id='word_1_182' title='bbox 1450 2381 1523 2433; x_wconf 88' lang='lat' dir='ltr'>est,</span> <span class='ocrx_word' id='word_1_183' title='bbox 1571 2380 1631 2428; x_wconf 90' lang='lat' dir='ltr'>ut,</span> 
     </span>
     <span class='ocr_line' id='line_1_23' title="bbox 101 2446 1630 2504; baseline -0.004 -11"><span class='ocrx_word' id='word_1_184' title='bbox 101 2463 193 2493; x_wconf 91' lang='lat' dir='ltr'>cum</span> <span class='ocrx_word' id='word_1_185' title='bbox 236 2451 288 2492; x_wconf 87' lang='lat' dir='ltr'>ab</span> <span class='ocrx_word' id='word_1_186' title='bbox 333 2451 421 2504; x_wconf 87' lang='lat' dir='ltr'>ipsa</span> <span class='ocrx_word' id='word_1_187' title='bbox 467 2450 554 2492; x_wconf 88' lang='lat' dir='ltr'>vita</span> <span class='ocrx_word' id='word_1_188' title='bbox 598 2450 750 2492; x_wconf 89' lang='lat' dir='ltr'>colores</span> <span class='ocrx_word' id='word_1_189' title='bbox 794 2449 844 2492; x_wconf 90' lang='lat' dir='ltr'>ad</span> <span class='ocrx_word' id='word_1_190' title='bbox 887 2449 1055 2490; x_wconf 89' lang='lat' dir='ltr'>heroum</span> <span class='ocrx_word' id='word_1_191' title='bbox 1102 2460 1290 2490; x_wconf 88' lang='lat' dir='ltr'>scaenam</span> <span class='ocrx_word' id='word_1_192' title='bbox 1336 2446 1630 2488; x_wconf 88' lang='lat' dir='ltr'>illustrandam</span> 
     </span>
     <span class='ocr_line' id='line_1_24' title="bbox 100 2514 1631 2569; baseline -0.004 -9"><span class='ocrx_word' id='word_1_193' title='bbox 100 2518 291 2569; x_wconf 89' lang='lat' dir='ltr'>sumeret,</span> <span class='ocrx_word' id='word_1_194' title='bbox 335 2518 378 2559; x_wconf 92' lang='lat' dir='ltr'>in</span> <span class='ocrx_word' id='word_1_195' title='bbox 418 2530 558 2559; x_wconf 89' lang='lat' dir='ltr'>eorum</span> <span class='ocrx_word' id='word_1_196' title='bbox 595 2517 778 2559; x_wconf 90' lang='lat' dir='ltr'>moribus</span> <span class='ocrx_word' id='word_1_197' title='bbox 816 2515 1091 2558; x_wconf 88' lang='lat' dir='ltr'>describendis</span> <span class='ocrx_word' id='word_1_198' title='bbox 1131 2515 1283 2556; x_wconf 88' lang='lat' dir='ltr'>saeculi</span> <span class='ocrx_word' id='word_1_199' title='bbox 1329 2514 1392 2555; x_wconf 92' lang='lat' dir='ltr'>sui</span> <span class='ocrx_word' id='word_1_200' title='bbox 1437 2515 1631 2555; x_wconf 89' lang='lat' dir='ltr'>naturam</span> 
     </span>
     <span class='ocr_line' id='line_1_25' title="bbox 100 2581 1630 2640; baseline -0.005 -12"><span class='ocrx_word' id='word_1_201' title='bbox 100 2586 361 2640; x_wconf 90' lang='lat' dir='ltr'>indolemque</span> <span class='ocrx_word' id='word_1_202' title='bbox 391 2584 552 2638; x_wconf 87' lang='lat' dir='ltr'>saepius</span> <span class='ocrx_word' id='word_1_203' title='bbox 582 2584 834 2638; x_wconf 87' lang='lat' dir='ltr'>exprimeret.</span> <span class='ocrx_word' id='word_1_204' title='bbox 906 2583 1021 2625; x_wconf 84' lang='lat' dir='ltr'>Licet</span> <span class='ocrx_word' id='word_1_205' title='bbox 1059 2582 1190 2636; x_wconf 86' lang='lat' dir='ltr'>igitur</span> <span class='ocrx_word' id='word_1_206' title='bbox 1230 2583 1350 2634; x_wconf 88' lang='lat' dir='ltr'>poeta</span> <span class='ocrx_word' id='word_1_207' title='bbox 1393 2581 1436 2622; x_wconf 92' lang='lat' dir='ltr'>in</span> <span class='ocrx_word' id='word_1_208' title='bbox 1472 2581 1630 2634; x_wconf 87' lang='lat' dir='ltr'>Hippo-</span> 
     </span>
    </p>
   </div>
   <div class='ocr_carea' id='block_1_4' title="bbox 102 2692 363 2696">
    <p class='ocr_par' dir='ltr' id='par_1_4' title="bbox 102 2692 363 2696">
     <span class='ocr_line' id='line_1_26' title="bbox 102 2692 363 2696; baseline 0 0"><span class='ocrx_word' id='word_1_209' title='bbox 102 2692 363 2696; x_wconf 95' lang='lat' dir='ltr'> </span> 
     </span>
    </p>
   </div>
   <div class='ocr_carea' id='block_1_5' title="bbox 104 2745 1639 2915">
    <p class='ocr_par' dir='ltr' id='par_1_5' title="bbox 104 2745 1639 2915">
     <span class='ocr_line' id='line_1_27' title="bbox 238 2745 1637 2795; baseline -0.005 -10"><span class='ocrx_word' id='word_1_210' title='bbox 238 2751 249 2771; x_wconf 88' lang='lat'>¹</span> <span class='ocrx_word' id='word_1_211' title='bbox 277 2750 358 2785; x_wconf 86' lang='lat' dir='ltr'>Hoc</span> <span class='ocrx_word' id='word_1_212' title='bbox 382 2749 598 2795; x_wconf 83' lang='lat' dir='ltr'>Lessingius</span> <span class='ocrx_word' id='word_1_213' title='bbox 618 2748 767 2792; x_wconf 85' lang='lat' dir='ltr'>(Hamb.</span> <span class='ocrx_word' id='word_1_214' title='bbox 794 2748 961 2782; x_wconf 81' lang='lat' dir='ltr'>Dramat.</span> <span class='ocrx_word' id='word_1_215' title='bbox 990 2747 1034 2781; x_wconf 92' lang='lat' dir='ltr'>N.</span> <span class='ocrx_word' id='word_1_216' title='bbox 1050 2747 1110 2791; x_wconf 83' lang='lat'>95)</span> <span class='ocrx_word' id='word_1_217' title='bbox 1137 2746 1205 2781; x_wconf 84' lang='lat' dir='ltr'>ita:</span> <span class='ocrx_word' id='word_1_218' title='bbox 1232 2745 1358 2780; x_wconf 84' lang='lat' dir='ltr'>‘Mehr</span> <span class='ocrx_word' id='word_1_219' title='bbox 1384 2746 1443 2780; x_wconf 89' lang='lat' dir='ltr'>die</span> <span class='ocrx_word' id='word_1_220' title='bbox 1471 2745 1637 2790; x_wconf 86' lang='lat' dir='ltr'>personi-</span> 
     </span>
     <span class='ocr_line' id='line_1_28' title="bbox 105 2802 1639 2845; baseline -0.003 -1"><span class='ocrx_word' id='word_1_221' title='bbox 105 2809 226 2845; x_wconf 83' lang='lat' dir='ltr'>ficirte</span> <span class='ocrx_word' id='word_1_222' title='bbox 252 2809 338 2844; x_wconf 90' lang='lat' dir='ltr'>Idee</span> <span class='ocrx_word' id='word_1_223' title='bbox 363 2809 463 2843; x_wconf 82' lang='lat' dir='ltr'>eines</span> <span class='ocrx_word' id='word_1_224' title='bbox 489 2807 709 2843; x_wconf 84' lang='lat' dir='ltr'>Charakters</span> <span class='ocrx_word' id='word_1_225' title='bbox 737 2808 789 2843; x_wconf 88' lang='lat' dir='ltr'>als</span> <span class='ocrx_word' id='word_1_226' title='bbox 817 2807 897 2842; x_wconf 88' lang='lat' dir='ltr'>eine</span> <span class='ocrx_word' id='word_1_227' title='bbox 923 2805 1226 2841; x_wconf 77' lang='lat' dir='ltr'>oharakterisirte</span> <span class='ocrx_word' id='word_1_228' title='bbox 1243 2802 1412 2841; x_wconf 86' lang='lat' dir='ltr'>Person&#39;.</span> <span class='ocrx_word' id='word_1_229' title='bbox 1441 2804 1494 2840; x_wconf 85' lang='lat' dir='ltr'>Cf.</span> <span class='ocrx_word' id='word_1_230' title='bbox 1510 2803 1639 2840; x_wconf 85' lang='lat' dir='ltr'>Brunn</span> 
     </span>
     <span class='ocr_line' id='line_1_29' title="bbox 104 2866 659 2915; baseline -0.005 -10"><span class='ocrx_word' id='word_1_231' title='bbox 104 2868 409 2915; x_wconf 83' lang='lat' dir='ltr'>Kiinstlergeseh.</span> <span class='ocrx_word' id='word_1_232' title='bbox 435 2868 471 2902; x_wconf 91' lang='lat' dir='ltr'>II</span> <span class='ocrx_word' id='word_1_233' title='bbox 496 2879 531 2912; x_wconf 91' lang='lat' dir='ltr'>p.</span> <span class='ocrx_word' id='word_1_234' title='bbox 558 2867 601 2901; x_wconf 83' lang='lat'>87</span> <span class='ocrx_word' id='word_1_235' title='bbox 622 2866 659 2902; x_wconf 84' lang='lat' dir='ltr'>ff.</span> 
     </span>
    </p>
   </div>
  </div>
 </body>
</html>
