<?xml version="1.0" encoding="UTF-8"?>
<!DOCTYPE html PUBLIC "-//W3C//DTD XHTML 1.0 Transitional//EN"
    "http://www.w3.org/TR/xhtml1/DTD/xhtml1-transitional.dtd">
<html xmlns="http://www.w3.org/1999/xhtml" xml:lang="en" lang="en">
 <head>
  <title>
</title>
<meta http-equiv="Content-Type" content="text/html;charset=utf-8" />
  <meta name='ocr-system' content='tesseract 3.04.00' />
  <meta name='ocr-capabilities' content='ocr_page ocr_carea ocr_par ocr_line ocrx_word'/>
</head>
<body>
  <div class='ocr_page' id='page_1' title='image "./dehippolytiseuri00kalkuoft_0031.png"; bbox 0 0 1912 3310; ppageno 0'>
   <div class='ocr_carea' id='block_1_1' title="bbox 801 171 844 203">
    <p class='ocr_par' dir='ltr' id='par_1_1' title="bbox 801 171 844 203">
     <span class='ocr_line' id='line_1_1' title="bbox 801 171 844 203; baseline -0.023 0"><span class='ocrx_word' id='word_1_1' title='bbox 801 171 844 203; x_wconf 84' lang='lat'>27</span> 
     </span>
    </p>
   </div>
   <div class='ocr_carea' id='block_1_2' title="bbox 52 278 1583 2415">
    <p class='ocr_par' dir='ltr' id='par_1_2' title="bbox 61 278 1582 465">
     <span class='ocr_line' id='line_1_2' title="bbox 67 278 1582 336; baseline 0.004 -15"><span class='ocrx_word' id='word_1_2' title='bbox 67 278 350 332; x_wconf 86' lang='lat' dir='ltr'>Conspicimus</span> <span class='ocrx_word' id='word_1_3' title='bbox 381 281 516 333; x_wconf 86' lang='lat' dir='ltr'>potius</span> <span class='ocrx_word' id='word_1_4' title='bbox 541 281 811 336; x_wconf 73' lang='lat' dir='ltr'>Hippolytum</span> <span class='ocrx_word' id='word_1_5' title='bbox 844 284 938 324; x_wconf 89' lang='lat' dir='ltr'>ante</span> <span class='ocrx_word' id='word_1_6' title='bbox 968 284 1126 326; x_wconf 89' lang='lat' dir='ltr'>Dianae</span> <span class='ocrx_word' id='word_1_7' title='bbox 1156 285 1420 327; x_wconf 88' lang='lat' dir='ltr'>simulacrum</span> <span class='ocrx_word' id='word_1_8' title='bbox 1450 286 1582 327; x_wconf 90' lang='lat' dir='ltr'>liban-</span> 
     </span>
     <span class='ocr_line' id='line_1_3' title="bbox 63 346 1582 400; baseline 0.005 -14"><span class='ocrx_word' id='word_1_9' title='bbox 63 347 194 396; x_wconf 87' lang='lat' dir='ltr'>tem¹‚</span> <span class='ocrx_word' id='word_1_10' title='bbox 248 346 294 386; x_wconf 90' lang='lat' dir='ltr'>ut</span> <span class='ocrx_word' id='word_1_11' title='bbox 343 346 425 388; x_wconf 88' lang='lat' dir='ltr'>fere</span> <span class='ocrx_word' id='word_1_12' title='bbox 479 361 630 400; x_wconf 87' lang='lat' dir='ltr'>pronus</span> <span class='ocrx_word' id='word_1_13' title='bbox 675 350 751 390; x_wconf 89' lang='lat' dir='ltr'>sim</span> <span class='ocrx_word' id='word_1_14' title='bbox 794 350 834 390; x_wconf 90' lang='lat' dir='ltr'>in</span> <span class='ocrx_word' id='word_1_15' title='bbox 879 363 966 391; x_wconf 91' lang='lat' dir='ltr'>eam</span> <span class='ocrx_word' id='word_1_16' title='bbox 1014 352 1258 393; x_wconf 72' lang='lat' dir='ltr'>sententiam</span> <span class='ocrx_word' id='word_1_17' title='bbox 1303 353 1582 394; x_wconf 78' lang='lat' dir='ltr'>Philemonem</span> 
     </span>
     <span class='ocr_line' id='line_1_4' title="bbox 61 412 556 465; baseline 0.006 -12"><span class='ocrx_word' id='word_1_18' title='bbox 61 412 139 465; x_wconf 86' lang='lat' dir='ltr'>frg.</span> <span class='ocrx_word' id='word_1_19' title='bbox 171 413 224 454; x_wconf 86' lang='lat'>63</span> <span class='ocrx_word' id='word_1_20' title='bbox 256 412 329 464; x_wconf 88' lang='lat' dir='ltr'>(M.</span> <span class='ocrx_word' id='word_1_21' title='bbox 361 414 433 464; x_wconf 86' lang='lat' dir='ltr'>IV,</span> <span class='ocrx_word' id='word_1_22' title='bbox 465 415 556 463; x_wconf 82' lang='lat'><strong>21):</strong></span> 
     </span>
    </p>

    <p class='ocr_par' dir='ltr' id='par_1_3' title="bbox 305 472 1346 543">
     <span class='ocr_line' id='line_1_5' title="bbox 305 472 1346 543; baseline 0.005 -23"><span class='ocrx_word' id='word_1_23' title='bbox 305 472 505 543; x_wconf 66' lang='grc' dir='ltr'>’ᾉρτεμι,</span> <span class='ocrx_word' id='word_1_24' title='bbox 536 481 638 537; x_wconf 75' lang='grc' dir='ltr'>φίλη</span> <span class='ocrx_word' id='word_1_25' title='bbox 671 483 890 534; x_wconf 76' lang='grc' dir='ltr'><em>δέσποινα,</em></span> <span class='ocrx_word' id='word_1_26' title='bbox 924 481 1082 525; x_wconf 74' lang='grc' dir='ltr'><em>τοῦτόν</em></span> <span class='ocrx_word' id='word_1_27' title='bbox 1112 499 1180 526; x_wconf 79' lang='grc' dir='ltr'>σοι</span> <span class='ocrx_word' id='word_1_28' title='bbox 1213 484 1346 541; x_wconf 76' lang='grc' dir='ltr'><em>φέρω,</em></span> 
     </span>
    </p>

    <p class='ocr_par' dir='ltr' id='par_1_4' title="bbox 61 543 1582 724">
     <span class='ocr_line' id='line_1_6' title="bbox 317 543 1270 608; baseline 0.005 -21"><span class='ocrx_word' id='word_1_29' title='bbox 317 544 350 587; x_wconf 78' lang='grc' dir='ltr'>εὖ</span> <span class='ocrx_word' id='word_1_30' title='bbox 381 547 534 598; x_wconf 70' lang='grc' dir='ltr'><em>πότνι’,</em></span> <span class='ocrx_word' id='word_1_31' title='bbox 560 543 833 604; x_wconf 66' lang='grc' dir='ltr'><em>ἀμφιφῶντα</em></span> <span class='ocrx_word' id='word_1_32' title='bbox 863 550 930 591; x_wconf 75' lang='grc' dir='ltr'>καὶ</span> <span class='ocrx_word' id='word_1_33' title='bbox 962 550 1153 608; x_wconf 63' lang='grc' dir='ltr'><em>σπονδήν</em></span> <span class='ocrx_word' id='word_1_34' title='bbox 1182 548 1270 604; x_wconf 75' lang='grc' dir='ltr'>ἅμα</span> 
     </span>
     <span class='ocr_line' id='line_1_7' title="bbox 62 614 1582 673; baseline 0.005 -18"><span class='ocrx_word' id='word_1_35' title='bbox 62 627 144 656; x_wconf 92' lang='lat' dir='ltr'>non</span> <span class='ocrx_word' id='word_1_36' title='bbox 180 614 266 656; x_wconf 90' lang='lat' dir='ltr'>tam</span> <span class='ocrx_word' id='word_1_37' title='bbox 305 615 554 656; x_wconf 77' lang='lat' dir='ltr'>retractatae</span> <span class='ocrx_word' id='word_1_38' title='bbox 586 616 750 657; x_wconf 86' lang='lat' dir='ltr'>fabulae</span> <span class='ocrx_word' id='word_1_39' title='bbox 788 630 824 657; x_wconf 82' lang='lat' dir='ltr'>v.</span> <span class='ocrx_word' id='word_1_40' title='bbox 858 618 908 658; x_wconf 83' lang='lat'>73</span> <span class='ocrx_word' id='word_1_41' title='bbox 938 631 1010 671; x_wconf 66' lang='lat' dir='ltr'>sq„</span> <span class='ocrx_word' id='word_1_42' title='bbox 1057 633 1180 672; x_wconf 87' lang='lat' dir='ltr'>quam</span> <span class='ocrx_word' id='word_1_43' title='bbox 1221 619 1396 661; x_wconf 87' lang='lat' dir='ltr'>similem</span> <span class='ocrx_word' id='word_1_44' title='bbox 1436 621 1582 673; x_wconf 84' lang='lat' dir='ltr'>prioris</span> 
     </span>
     <span class='ocr_line' id='line_1_8' title="bbox 61 681 778 724; baseline 0.003 -2"><span class='ocrx_word' id='word_1_45' title='bbox 61 693 250 722; x_wconf 82' lang='lat' dir='ltr'>scaenam</span> <span class='ocrx_word' id='word_1_46' title='bbox 282 681 377 723; x_wconf 90' lang='lat' dir='ltr'>ante</span> <span class='ocrx_word' id='word_1_47' title='bbox 408 681 546 723; x_wconf 89' lang='lat' dir='ltr'>oculos</span> <span class='ocrx_word' id='word_1_48' title='bbox 576 683 778 724; x_wconf 86' lang='lat' dir='ltr'>habuisse.</span> 
     </span>
    </p>

    <p class='ocr_par' dir='ltr' id='par_1_5' title="bbox 52 747 1583 2415">
     <span class='ocr_line' id='line_1_9' title="bbox 193 747 1581 807; baseline 0.006 -20"><span class='ocrx_word' id='word_1_49' title='bbox 193 747 418 801; x_wconf 82' lang='lat' dir='ltr'>Hymnum,</span> <span class='ocrx_word' id='word_1_50' title='bbox 451 761 570 801; x_wconf 90' lang='lat' dir='ltr'>quem</span> <span class='ocrx_word' id='word_1_51' title='bbox 601 750 769 791; x_wconf 79' lang='lat' dir='ltr'>comites</span> <span class='ocrx_word' id='word_1_52' title='bbox 800 751 1043 793; x_wconf 80' lang='lat' dir='ltr'>adhortante</span> <span class='ocrx_word' id='word_1_53' title='bbox 1066 753 1288 807; x_wconf 83' lang='lat' dir='ltr'>Hippolyto</span> <span class='ocrx_word' id='word_1_54' title='bbox 1319 754 1361 793; x_wconf 89' lang='lat' dir='ltr'>in</span> <span class='ocrx_word' id='word_1_55' title='bbox 1389 754 1581 795; x_wconf 84' lang='lat' dir='ltr'>honorem</span> 
     </span>
     <span class='ocr_line' id='line_1_10' title="bbox 62 815 1582 870; baseline 0.003 -14"><span class='ocrx_word' id='word_1_56' title='bbox 62 815 220 857; x_wconf 88' lang='lat' dir='ltr'>Dianae</span> <span class='ocrx_word' id='word_1_57' title='bbox 260 816 426 864; x_wconf 85' lang='lat' dir='ltr'>canunt,</span> <span class='ocrx_word' id='word_1_58' title='bbox 470 817 558 856; x_wconf 91' lang='lat' dir='ltr'>tam</span> <span class='ocrx_word' id='word_1_59' title='bbox 597 817 806 870; x_wconf 89' lang='lat' dir='ltr'>egregium</span> <span class='ocrx_word' id='word_1_60' title='bbox 854 819 1076 859; x_wconf 86' lang='lat' dir='ltr'>artificium</span> <span class='ocrx_word' id='word_1_61' title='bbox 1116 820 1176 860; x_wconf 87' lang='lat' dir='ltr'>est</span> <span class='ocrx_word' id='word_1_62' title='bbox 1212 819 1262 861; x_wconf 90' lang='lat' dir='ltr'>ad</span> <span class='ocrx_word' id='word_1_63' title='bbox 1299 820 1582 862; x_wconf 86' lang='lat' dir='ltr'>adornandum</span> 
     </span>
     <span class='ocr_line' id='line_1_11' title="bbox 63 882 1583 937; baseline 0.002 -12"><span class='ocrx_word' id='word_1_64' title='bbox 63 884 187 936; x_wconf 90' lang='lat' dir='ltr'>atque</span> <span class='ocrx_word' id='word_1_65' title='bbox 238 882 538 924; x_wconf 87' lang='lat' dir='ltr'>instituendum</span> <span class='ocrx_word' id='word_1_66' title='bbox 595 883 752 933; x_wconf 80' lang='lat' dir='ltr'>odium,</span> <span class='ocrx_word' id='word_1_67' title='bbox 813 885 919 937; x_wconf 90' lang='lat' dir='ltr'>quod</span> <span class='ocrx_word' id='word_1_68' title='bbox 958 886 1094 927; x_wconf 86' lang='lat' dir='ltr'>Venus</span> <span class='ocrx_word' id='word_1_69' title='bbox 1138 886 1180 926; x_wconf 87' lang='lat' dir='ltr'>in</span> <span class='ocrx_word' id='word_1_70' title='bbox 1221 887 1380 927; x_wconf 82' lang='lat' dir='ltr'>heroem</span> <span class='ocrx_word' id='word_1_71' title='bbox 1426 887 1583 928; x_wconf 87' lang='lat' dir='ltr'>Dianae</span> 
     </span>
     <span class='ocr_line' id='line_1_12' title="bbox 60 950 1581 1006; baseline 0.002 -15"><span class='ocrx_word' id='word_1_72' title='bbox 60 950 248 992; x_wconf 89' lang='lat' dir='ltr'>amatum</span> <span class='ocrx_word' id='word_1_73' title='bbox 296 950 492 1001; x_wconf 82' lang='lat' dir='ltr'>concepit,</span> <span class='ocrx_word' id='word_1_74' title='bbox 555 951 600 991; x_wconf 89' lang='lat' dir='ltr'>ut</span> <span class='ocrx_word' id='word_1_75' title='bbox 648 963 842 1003; x_wconf 85' lang='lat' dir='ltr'>gravarer</span> <span class='ocrx_word' id='word_1_76' title='bbox 891 953 974 993; x_wconf 89' lang='lat' dir='ltr'>eius</span> <span class='ocrx_word' id='word_1_77' title='bbox 1025 952 1144 994; x_wconf 88' lang='lat' dir='ltr'>laude</span> <span class='ocrx_word' id='word_1_78' title='bbox 1179 953 1325 994; x_wconf 87' lang='lat' dir='ltr'>Velato</span> <span class='ocrx_word' id='word_1_79' title='bbox 1372 953 1581 1006; x_wconf 90' lang='lat' dir='ltr'>derogata.</span> 
     </span>
     <span class='ocr_line' id='line_1_13' title="bbox 63 1015 1580 1074; baseline 0.002 -16"><span class='ocrx_word' id='word_1_80' title='bbox 63 1016 245 1066; x_wconf 70' lang='lat' dir='ltr'>Accedit,</span> <span class='ocrx_word' id='word_1_81' title='bbox 292 1015 401 1069; x_wconf 90' lang='lat' dir='ltr'>quod</span> <span class='ocrx_word' id='word_1_82' title='bbox 431 1016 583 1058; x_wconf 84' lang='lat' dir='ltr'>Seneca</span> <span class='ocrx_word' id='word_1_83' title='bbox 618 1017 722 1058; x_wconf 91' lang='lat' dir='ltr'>hanc</span> <span class='ocrx_word' id='word_1_84' title='bbox 752 1031 942 1060; x_wconf 76' lang='lat' dir='ltr'>scaenam</span> <span class='ocrx_word' id='word_1_85' title='bbox 988 1020 1030 1060; x_wconf 92' lang='lat' dir='ltr'>in</span> <span class='ocrx_word' id='word_1_86' title='bbox 1063 1032 1180 1060; x_wconf 87' lang='lat' dir='ltr'>sunm</span> <span class='ocrx_word' id='word_1_87' title='bbox 1216 1033 1335 1060; x_wconf 88' lang='lat' dir='ltr'>usum</span> <span class='ocrx_word' id='word_1_88' title='bbox 1368 1021 1580 1074; x_wconf 81' lang='lat' dir='ltr'>convertit,</span> 
     </span>
     <span class='ocr_line' id='line_1_14' title="bbox 61 1083 1581 1138; baseline 0.003 -13"><span class='ocrx_word' id='word_1_89' title='bbox 61 1096 259 1126; x_wconf 85' lang='lat' dir='ltr'>exornans</span> <span class='ocrx_word' id='word_1_90' title='bbox 290 1083 454 1137; x_wconf 88' lang='lat' dir='ltr'>quidem</span> <span class='ocrx_word' id='word_1_91' title='bbox 486 1083 602 1125; x_wconf 89' lang='lat' dir='ltr'>illam</span> <span class='ocrx_word' id='word_1_92' title='bbox 634 1098 713 1138; x_wconf 85' lang='lat' dir='ltr'>qua</span> <span class='ocrx_word' id='word_1_93' title='bbox 743 1086 846 1127; x_wconf 89' lang='lat' dir='ltr'>solet</span> <span class='ocrx_word' id='word_1_94' title='bbox 877 1087 1055 1136; x_wconf 90' lang='lat' dir='ltr'>licentia,</span> <span class='ocrx_word' id='word_1_95' title='bbox 1096 1089 1142 1127; x_wconf 92' lang='lat' dir='ltr'>ut</span> <span class='ocrx_word' id='word_1_96' title='bbox 1172 1087 1329 1128; x_wconf 84' lang='lat' dir='ltr'>tumide</span> <span class='ocrx_word' id='word_1_97' title='bbox 1350 1087 1581 1129; x_wconf 85' lang='lat' dir='ltr'>doctrinam</span> 
     </span>
     <span class='ocr_line' id='line_1_15' title="bbox 57 1150 1580 1205; baseline 0.003 -15"><span class='ocrx_word' id='word_1_98' title='bbox 57 1150 100 1191; x_wconf 90' lang='lat' dir='ltr'>in</span> <span class='ocrx_word' id='word_1_99' title='bbox 146 1150 420 1191; x_wconf 85' lang='lat' dir='ltr'>describendis</span> <span class='ocrx_word' id='word_1_100' title='bbox 466 1151 620 1192; x_wconf 78' lang='lat' dir='ltr'>Atticis</span> <span class='ocrx_word' id='word_1_101' title='bbox 661 1153 895 1205; x_wconf 83' lang='lat' dir='ltr'>regionibus</span> <span class='ocrx_word' id='word_1_102' title='bbox 938 1154 1162 1195; x_wconf 83' lang='lat' dir='ltr'>ostentaret</span> <span class='ocrx_word' id='word_1_103' title='bbox 1213 1155 1252 1195; x_wconf 92' lang='lat' dir='ltr'>et</span> <span class='ocrx_word' id='word_1_104' title='bbox 1305 1155 1580 1196; x_wconf 81' lang='lat' dir='ltr'>Romanorum</span> 
     </span>
     <span class='ocr_line' id='line_1_16' title="bbox 59 1217 1580 1275; baseline 0.002 -15"><span class='ocrx_word' id='word_1_105' title='bbox 59 1218 145 1260; x_wconf 88' lang='lat' dir='ltr'>acri</span> <span class='ocrx_word' id='word_1_106' title='bbox 184 1217 360 1259; x_wconf 86' lang='lat' dir='ltr'>venandi</span> <span class='ocrx_word' id='word_1_107' title='bbox 405 1218 540 1259; x_wconf 85' lang='lat' dir='ltr'>studio</span> <span class='ocrx_word' id='word_1_108' title='bbox 581 1219 850 1261; x_wconf 82' lang='lat' dir='ltr'>satisfaceret.</span> <span class='ocrx_word' id='word_1_109' title='bbox 910 1220 1069 1262; x_wconf 87' lang='lat' dir='ltr'>Seniori</span> <span class='ocrx_word' id='word_1_110' title='bbox 1104 1234 1217 1262; x_wconf 84' lang='lat' dir='ltr'>servo</span> <span class='ocrx_word' id='word_1_111' title='bbox 1250 1221 1312 1262; x_wconf 90' lang='lat' dir='ltr'>vel</span> <span class='ocrx_word' id='word_1_112' title='bbox 1343 1221 1580 1275; x_wconf 86' lang='lat' dir='ltr'>paedagogo</span> 
     </span>
     <span class='ocr_line' id='line_1_17' title="bbox 58 1285 1580 1340; baseline 0.002 -14"><span class='ocrx_word' id='word_1_113' title='bbox 58 1285 101 1326; x_wconf 89' lang='lat' dir='ltr'>in</span> <span class='ocrx_word' id='word_1_114' title='bbox 135 1285 280 1326; x_wconf 89' lang='lat' dir='ltr'>Velato</span> <span class='ocrx_word' id='word_1_115' title='bbox 319 1297 480 1338; x_wconf 89' lang='lat' dir='ltr'>quoque</span> <span class='ocrx_word' id='word_1_116' title='bbox 519 1288 655 1338; x_wconf 89' lang='lat' dir='ltr'>partes</span> <span class='ocrx_word' id='word_1_117' title='bbox 687 1286 806 1327; x_wconf 88' lang='lat' dir='ltr'>datas</span> <span class='ocrx_word' id='word_1_118' title='bbox 851 1300 946 1335; x_wconf 75' lang='lat' dir='ltr'>esse,</span> <span class='ocrx_word' id='word_1_119' title='bbox 992 1288 1087 1328; x_wconf 91' lang='lat' dir='ltr'>licet</span> <span class='ocrx_word' id='word_1_120' title='bbox 1125 1289 1244 1340; x_wconf 87' lang='lat' dir='ltr'>poeta</span> <span class='ocrx_word' id='word_1_121' title='bbox 1276 1288 1484 1329; x_wconf 88' lang='lat' dir='ltr'>Romanus</span> <span class='ocrx_word' id='word_1_122' title='bbox 1515 1301 1580 1330; x_wconf 87' lang='lat' dir='ltr'>eas</span> 
     </span>
     <span class='ocr_line' id='line_1_18' title="bbox 62 1351 1580 1408; baseline 0.002 -15"><span class='ocrx_word' id='word_1_123' title='bbox 62 1351 297 1406; x_wconf 83' lang='lat' dir='ltr'>neglexerit,</span> <span class='ocrx_word' id='word_1_124' title='bbox 328 1353 572 1406; x_wconf 82' lang='lat' dir='ltr'>sarcophagi</span> <span class='ocrx_word' id='word_1_125' title='bbox 603 1353 754 1395; x_wconf 88' lang='lat' dir='ltr'>indicio</span> <span class='ocrx_word' id='word_1_126' title='bbox 780 1355 887 1403; x_wconf 88' lang='lat' dir='ltr'>snnt,</span> <span class='ocrx_word' id='word_1_127' title='bbox 930 1355 1072 1407; x_wconf 85' lang='lat' dir='ltr'>utpote</span> <span class='ocrx_word' id='word_1_128' title='bbox 1102 1356 1141 1395; x_wconf 92' lang='lat' dir='ltr'>in</span> <span class='ocrx_word' id='word_1_129' title='bbox 1176 1355 1324 1408; x_wconf 89' lang='lat' dir='ltr'>quibus</span> <span class='ocrx_word' id='word_1_130' title='bbox 1356 1355 1580 1408; x_wconf 84' lang='lat' dir='ltr'>Hippolyto</span> 
     </span>
     <span class='ocr_line' id='line_1_19' title="bbox 61 1419 1580 1474; baseline 0.001 -13"><span class='ocrx_word' id='word_1_131' title='bbox 61 1419 221 1472; x_wconf 89' lang='lat' dir='ltr'>saepius</span> <span class='ocrx_word' id='word_1_132' title='bbox 244 1419 306 1460; x_wconf 88' lang='lat' dir='ltr'>vir</span> <span class='ocrx_word' id='word_1_133' title='bbox 327 1432 445 1460; x_wconf 79' lang='lat' dir='ltr'>senex</span> <span class='ocrx_word' id='word_1_134' title='bbox 476 1431 522 1460; x_wconf 90' lang='lat' dir='ltr'>ac</span> <span class='ocrx_word' id='word_1_135' title='bbox 554 1420 750 1461; x_wconf 87' lang='lat' dir='ltr'>barbatus</span> <span class='ocrx_word' id='word_1_136' title='bbox 782 1433 904 1473; x_wconf 81' lang='lat' dir='ltr'>prope</span> <span class='ocrx_word' id='word_1_137' title='bbox 935 1421 1104 1462; x_wconf 81' lang='lat' dir='ltr'>adstans</span> <span class='ocrx_word' id='word_1_138' title='bbox 1139 1422 1386 1474; x_wconf 86' lang='lat' dir='ltr'>compareat.</span> <span class='ocrx_word' id='word_1_139' title='bbox 1418 1445 1472 1450; x_wconf 83' lang='lat'><strong>—</strong></span> <span class='ocrx_word' id='word_1_140' title='bbox 1504 1421 1580 1462; x_wconf 91' lang='lat' dir='ltr'>Sed</span> 
     </span>
     <span class='ocr_line' id='line_1_20' title="bbox 59 1486 1580 1540; baseline 0.001 -13"><span class='ocrx_word' id='word_1_141' title='bbox 59 1486 185 1540; x_wconf 87' lang='lat' dir='ltr'>priori</span> <span class='ocrx_word' id='word_1_142' title='bbox 210 1486 419 1528; x_wconf 85' lang='lat' dir='ltr'>Phaedrae</span> <span class='ocrx_word' id='word_1_143' title='bbox 449 1499 531 1528; x_wconf 92' lang='lat' dir='ltr'>non</span> <span class='ocrx_word' id='word_1_144' title='bbox 562 1499 662 1540; x_wconf 89' lang='lat' dir='ltr'>opus</span> <span class='ocrx_word' id='word_1_145' title='bbox 694 1488 781 1528; x_wconf 89' lang='lat' dir='ltr'>erat</span> <span class='ocrx_word' id='word_1_146' title='bbox 813 1500 993 1529; x_wconf 87' lang='lat' dir='ltr'>amorem</span> <span class='ocrx_word' id='word_1_147' title='bbox 1026 1489 1181 1536; x_wconf 88' lang='lat' dir='ltr'>celare;</span> <span class='ocrx_word' id='word_1_148' title='bbox 1212 1501 1306 1529; x_wconf 90' lang='lat' dir='ltr'>nam</span> <span class='ocrx_word' id='word_1_149' title='bbox 1338 1488 1580 1530; x_wconf 89' lang='lat' dir='ltr'>documento</span> 
     </span>
     <span class='ocr_line' id='line_1_21' title="bbox 57 1553 1580 1609; baseline 0.001 -14"><span class='ocrx_word' id='word_1_150' title='bbox 57 1555 155 1595; x_wconf 91' lang='lat' dir='ltr'>sunt</span> <span class='ocrx_word' id='word_1_151' title='bbox 186 1553 475 1607; x_wconf 84' lang='lat' dir='ltr'>Aristophanis</span> <span class='ocrx_word' id='word_1_152' title='bbox 507 1554 698 1608; x_wconf 80' lang='lat' dir='ltr'>Byzantii</span> <span class='ocrx_word' id='word_1_153' title='bbox 742 1555 1023 1596; x_wconf 88' lang='lat' dir='ltr'>testimonium</span> <span class='ocrx_word' id='word_1_154' title='bbox 1063 1556 1104 1596; x_wconf 91' lang='lat' dir='ltr'>in</span> <span class='ocrx_word' id='word_1_155' title='bbox 1137 1556 1379 1609; x_wconf 86' lang='lat' dir='ltr'>argumento</span> <span class='ocrx_word' id='word_1_156' title='bbox 1412 1554 1580 1597; x_wconf 89' lang='lat' dir='ltr'>Coroni-</span> 
     </span>
     <span class='ocr_line' id='line_1_22' title="bbox 58 1621 1580 1675; baseline 0.001 -13"><span class='ocrx_word' id='word_1_157' title='bbox 58 1621 134 1662; x_wconf 87' lang='lat' dir='ltr'>feri</span> <span class='ocrx_word' id='word_1_158' title='bbox 165 1622 205 1663; x_wconf 93' lang='lat' dir='ltr'>et</span> <span class='ocrx_word' id='word_1_159' title='bbox 236 1621 314 1674; x_wconf 86' lang='lat' dir='ltr'>frg.</span> <span class='ocrx_word' id='word_1_160' title='bbox 349 1622 443 1663; x_wconf 81' lang='lat'>433.</span> <span class='ocrx_word' id='word_1_161' title='bbox 473 1623 554 1663; x_wconf 82' lang='lat'>436</span> <span class='ocrx_word' id='word_1_162' title='bbox 585 1622 694 1663; x_wconf 85' lang='lat' dir='ltr'>ultro</span> <span class='ocrx_word' id='word_1_163' title='bbox 740 1635 829 1664; x_wconf 91' lang='lat' dir='ltr'>eam</span> <span class='ocrx_word' id='word_1_164' title='bbox 875 1635 1051 1663; x_wconf 89' lang='lat' dir='ltr'>amorem</span> <span class='ocrx_word' id='word_1_165' title='bbox 1085 1623 1306 1675; x_wconf 82' lang='lat' dir='ltr'>professam</span> <span class='ocrx_word' id='word_1_166' title='bbox 1339 1622 1475 1663; x_wconf 89' lang='lat' dir='ltr'>omnia</span> <span class='ocrx_word' id='word_1_167' title='bbox 1505 1635 1580 1675; x_wconf 88' lang='lat' dir='ltr'>pu-</span> 
     </span>
     <span class='ocr_line' id='line_1_23' title="bbox 58 1688 1578 1743; baseline 0.001 -14"><span class='ocrx_word' id='word_1_168' title='bbox 58 1688 168 1731; x_wconf 89' lang='lat' dir='ltr'>doris</span> <span class='ocrx_word' id='word_1_169' title='bbox 199 1689 396 1742; x_wconf 86' lang='lat' dir='ltr'>repagula</span> <span class='ocrx_word' id='word_1_170' title='bbox 428 1689 681 1743; x_wconf 85' lang='lat' dir='ltr'>perfregisse.</span> <span class='ocrx_word' id='word_1_171' title='bbox 758 1691 814 1731; x_wconf 74' lang='lat' dir='ltr'>Ex</span> <span class='ocrx_word' id='word_1_172' title='bbox 848 1703 927 1743; x_wconf 86' lang='lat' dir='ltr'>qua</span> <span class='ocrx_word' id='word_1_173' title='bbox 959 1703 1000 1730; x_wconf 91' lang='lat' dir='ltr'>re</span> <span class='ocrx_word' id='word_1_174' title='bbox 1032 1690 1217 1743; x_wconf 86' lang='lat' dir='ltr'>deinceps</span> <span class='ocrx_word' id='word_1_175' title='bbox 1249 1691 1410 1743; x_wconf 88' lang='lat' dir='ltr'>cogitur</span> <span class='ocrx_word' id='word_1_176' title='bbox 1453 1690 1578 1731; x_wconf 88' lang='lat' dir='ltr'>aliam</span> 
     </span>
     <span class='ocr_line' id='line_1_24' title="bbox 57 1755 1578 1809; baseline 0.001 -13"><span class='ocrx_word' id='word_1_177' title='bbox 57 1755 205 1808; x_wconf 90' lang='lat' dir='ltr'>prioris</span> <span class='ocrx_word' id='word_1_178' title='bbox 233 1755 397 1797; x_wconf 86' lang='lat' dir='ltr'>fabulae</span> <span class='ocrx_word' id='word_1_179' title='bbox 428 1757 707 1797; x_wconf 87' lang='lat' dir='ltr'>oeconomiam</span> <span class='ocrx_word' id='word_1_180' title='bbox 736 1757 871 1809; x_wconf 87' lang='lat' dir='ltr'>fuisse,</span> <span class='ocrx_word' id='word_1_181' title='bbox 905 1756 1012 1809; x_wconf 87' lang='lat' dir='ltr'>quod</span> <span class='ocrx_word' id='word_1_182' title='bbox 1032 1757 1285 1798; x_wconf 86' lang='lat' dir='ltr'>Valckenaer</span> <span class='ocrx_word' id='word_1_183' title='bbox 1318 1756 1468 1809; x_wconf 85' lang='lat' dir='ltr'>(Praef.</span> <span class='ocrx_word' id='word_1_184' title='bbox 1482 1755 1578 1809; x_wconf 86' lang='lat' dir='ltr'>XX)</span> 
     </span>
     <span class='ocr_line' id='line_1_25' title="bbox 58 1822 1576 1876; baseline 0.001 -13"><span class='ocrx_word' id='word_1_185' title='bbox 58 1822 213 1876; x_wconf 88' lang='lat' dir='ltr'>primus</span> <span class='ocrx_word' id='word_1_186' title='bbox 235 1822 479 1864; x_wconf 85' lang='lat' dir='ltr'>observavit.</span> <span class='ocrx_word' id='word_1_187' title='bbox 527 1823 634 1864; x_wconf 87' lang='lat' dir='ltr'>Nam</span> <span class='ocrx_word' id='word_1_188' title='bbox 658 1824 792 1876; x_wconf 82' lang='lat' dir='ltr'>poeta,</span> <span class='ocrx_word' id='word_1_189' title='bbox 826 1836 917 1864; x_wconf 77' lang='lat' dir='ltr'>cun]</span> <span class='ocrx_word' id='word_1_190' title='bbox 942 1823 1149 1864; x_wconf 86' lang='lat' dir='ltr'>Phaedrae</span> <span class='ocrx_word' id='word_1_191' title='bbox 1171 1823 1271 1864; x_wconf 89' lang='lat' dir='ltr'>alias</span> <span class='ocrx_word' id='word_1_192' title='bbox 1293 1825 1426 1876; x_wconf 90' lang='lat' dir='ltr'>partes</span> <span class='ocrx_word' id='word_1_193' title='bbox 1449 1824 1576 1874; x_wconf 79' lang='lat' dir='ltr'>daret,</span> 
     </span>
     <span class='ocr_line' id='line_1_26' title="bbox 57 1890 1577 1944; baseline 0 -13"><span class='ocrx_word' id='word_1_194' title='bbox 57 1890 231 1931; x_wconf 90' lang='lat' dir='ltr'>nutricis</span> <span class='ocrx_word' id='word_1_195' title='bbox 259 1902 421 1943; x_wconf 87' lang='lat' dir='ltr'>quoqne</span> <span class='ocrx_word' id='word_1_196' title='bbox 442 1891 578 1944; x_wconf 85' lang='lat' dir='ltr'>partes</span> <span class='ocrx_word' id='word_1_197' title='bbox 608 1895 859 1932; x_wconf 88' lang='lat' dir='ltr'>commutare</span> <span class='ocrx_word' id='word_1_198' title='bbox 893 1891 1045 1941; x_wconf 87' lang='lat' dir='ltr'>debuit,</span> <span class='ocrx_word' id='word_1_199' title='bbox 1076 1892 1136 1932; x_wconf 88' lang='lat' dir='ltr'>ita</span> <span class='ocrx_word' id='word_1_200' title='bbox 1168 1891 1344 1944; x_wconf 83' lang='lat' dir='ltr'>quidem,</span> <span class='ocrx_word' id='word_1_201' title='bbox 1378 1891 1423 1931; x_wconf 87' lang='lat' dir='ltr'>ut</span> <span class='ocrx_word' id='word_1_202' title='bbox 1453 1904 1577 1932; x_wconf 91' lang='lat' dir='ltr'>anum</span> 
     </span>
     <span class='ocr_line' id='line_1_27' title="bbox 59 1957 1579 2012; baseline 0 -14"><span class='ocrx_word' id='word_1_203' title='bbox 59 1957 250 1999; x_wconf 88' lang='lat' dir='ltr'>dominae</span> <span class='ocrx_word' id='word_1_204' title='bbox 295 1957 486 1999; x_wconf 89' lang='lat' dir='ltr'>libidines</span> <span class='ocrx_word' id='word_1_205' title='bbox 530 1958 650 1999; x_wconf 87' lang='lat' dir='ltr'>initio</span> <span class='ocrx_word' id='word_1_206' title='bbox 687 1959 823 2011; x_wconf 87' lang='lat' dir='ltr'>potius</span> <span class='ocrx_word' id='word_1_207' title='bbox 862 1960 1109 2012; x_wconf 84' lang='lat' dir='ltr'>restringere</span> <span class='ocrx_word' id='word_1_208' title='bbox 1147 1958 1378 1999; x_wconf 87' lang='lat' dir='ltr'>studentem</span> <span class='ocrx_word' id='word_1_209' title='bbox 1406 1958 1579 2010; x_wconf 87' lang='lat' dir='ltr'>fingeret</span> 
     </span>
     <span class='ocr_line' id='line_1_28' title="bbox 58 2024 1579 2079; baseline 0 -14"><span class='ocrx_word' id='word_1_210' title='bbox 58 2024 119 2078; x_wconf 87' lang='lat' dir='ltr'>(cf</span> <span class='ocrx_word' id='word_1_211' title='bbox 145 2024 335 2065; x_wconf 89' lang='lat' dir='ltr'>Welcker</span> <span class='ocrx_word' id='word_1_212' title='bbox 364 2024 391 2066; x_wconf 92' lang='lat' dir='ltr'>l.</span> <span class='ocrx_word' id='word_1_213' title='bbox 423 2025 448 2066; x_wconf 90' lang='lat' dir='ltr'>l.</span> <span class='ocrx_word' id='word_1_214' title='bbox 480 2038 516 2078; x_wconf 91' lang='lat' dir='ltr'>p.</span> <span class='ocrx_word' id='word_1_215' title='bbox 550 2024 661 2079; x_wconf 82' lang='lat'>736).</span> <span class='ocrx_word' id='word_1_216' title='bbox 735 2026 885 2067; x_wconf 86' lang='lat' dir='ltr'>Seneca</span> <span class='ocrx_word' id='word_1_217' title='bbox 916 2026 1046 2079; x_wconf 88' lang='lat' dir='ltr'>igitur</span> <span class='ocrx_word' id='word_1_218' title='bbox 1076 2025 1268 2066; x_wconf 79' lang='lat' dir='ltr'>Velatum</span> <span class='ocrx_word' id='word_1_219' title='bbox 1300 2024 1488 2065; x_wconf 86' lang='lat' dir='ltr'>imitatus</span> <span class='ocrx_word' id='word_1_220' title='bbox 1519 2025 1579 2065; x_wconf 88' lang='lat' dir='ltr'>est</span> 
     </span>
     <span class='ocr_line' id='line_1_29' title="bbox 57 2091 1578 2144; baseline -0.001 -11"><span class='ocrx_word' id='word_1_221' title='bbox 57 2091 134 2133; x_wconf 90' lang='lat' dir='ltr'>hac</span> <span class='ocrx_word' id='word_1_222' title='bbox 164 2091 252 2144; x_wconf 89' lang='lat' dir='ltr'>ipsa</span> <span class='ocrx_word' id='word_1_223' title='bbox 290 2092 450 2133; x_wconf 90' lang='lat' dir='ltr'>ratione</span> <span class='ocrx_word' id='word_1_224' title='bbox 494 2093 695 2134; x_wconf 88' lang='lat' dir='ltr'>nutricem</span> <span class='ocrx_word' id='word_1_225' title='bbox 726 2105 817 2134; x_wconf 89' lang='lat' dir='ltr'>cum</span> <span class='ocrx_word' id='word_1_226' title='bbox 850 2093 1038 2134; x_wconf 86' lang='lat' dir='ltr'>Phaedra</span> <span class='ocrx_word' id='word_1_227' title='bbox 1069 2105 1271 2134; x_wconf 87' lang='lat' dir='ltr'>sermones</span> <span class='ocrx_word' id='word_1_228' title='bbox 1305 2092 1578 2134; x_wconf 89' lang='lat' dir='ltr'>conferentem</span> 
     </span>
     <span class='ocr_line' id='line_1_30' title="bbox 55 2159 1578 2213; baseline 0 -14"><span class='ocrx_word' id='word_1_229' title='bbox 55 2159 266 2212; x_wconf 78' lang='lat' dir='ltr'>inducenS,</span> <span class='ocrx_word' id='word_1_230' title='bbox 313 2159 429 2200; x_wconf 90' lang='lat' dir='ltr'>cuius</span> <span class='ocrx_word' id='word_1_231' title='bbox 475 2159 669 2213; x_wconf 88' lang='lat' dir='ltr'>colloquii</span> <span class='ocrx_word' id='word_1_232' title='bbox 708 2160 872 2213; x_wconf 85' lang='lat' dir='ltr'>singula</span> <span class='ocrx_word' id='word_1_233' title='bbox 911 2160 1056 2202; x_wconf 83' lang='lat' dir='ltr'>Ovidio</span> <span class='ocrx_word' id='word_1_234' title='bbox 1096 2160 1258 2201; x_wconf 86' lang='lat' dir='ltr'>conlato</span> <span class='ocrx_word' id='word_1_235' title='bbox 1303 2161 1578 2200; x_wconf 87' lang='lat' dir='ltr'>recensentem</span> 
     </span>
     <span class='ocr_line' id='line_1_31' title="bbox 56 2225 1579 2280; baseline 0 -14"><span class='ocrx_word' id='word_1_236' title='bbox 56 2225 303 2279; x_wconf 85' lang='lat' dir='ltr'>gravissima</span> <span class='ocrx_word' id='word_1_237' title='bbox 338 2226 510 2280; x_wconf 89' lang='lat' dir='ltr'>indicia,</span> <span class='ocrx_word' id='word_1_238' title='bbox 557 2227 704 2279; x_wconf 87' lang='lat' dir='ltr'>quibus</span> <span class='ocrx_word' id='word_1_239' title='bbox 748 2228 928 2268; x_wconf 88' lang='lat' dir='ltr'>imitatio</span> <span class='ocrx_word' id='word_1_240' title='bbox 975 2226 1119 2269; x_wconf 86' lang='lat' dir='ltr'>Graeci</span> <span class='ocrx_word' id='word_1_241' title='bbox 1162 2226 1400 2279; x_wconf 80' lang='lat' dir='ltr'>exemplaris</span> <span class='ocrx_word' id='word_1_242' title='bbox 1445 2225 1579 2278; x_wconf 88' lang='lat' dir='ltr'>prodi-</span> 
     </span>
     <span class='ocr_line' id='line_1_32' title="bbox 52 2291 1577 2348; baseline -0.001 -14"><span class='ocrx_word' id='word_1_243' title='bbox 52 2293 133 2344; x_wconf 88' lang='lat' dir='ltr'>tur,</span> <span class='ocrx_word' id='word_1_244' title='bbox 168 2306 246 2335; x_wconf 91' lang='lat' dir='ltr'>non</span> <span class='ocrx_word' id='word_1_245' title='bbox 277 2294 319 2335; x_wconf 91' lang='lat' dir='ltr'>te</span> <span class='ocrx_word' id='word_1_246' title='bbox 349 2294 529 2348; x_wconf 85' lang='lat' dir='ltr'>fugient3</span> <span class='ocrx_word' id='word_1_247' title='bbox 567 2294 614 2335; x_wconf 91' lang='lat' dir='ltr'>de</span> <span class='ocrx_word' id='word_1_248' title='bbox 646 2295 793 2348; x_wconf 88' lang='lat' dir='ltr'>quibus</span> <span class='ocrx_word' id='word_1_249' title='bbox 825 2295 946 2336; x_wconf 88' lang='lat' dir='ltr'>adeas</span> <span class='ocrx_word' id='word_1_250' title='bbox 978 2295 1148 2335; x_wconf 89' lang='lat' dir='ltr'>Leonem</span> <span class='ocrx_word' id='word_1_251' title='bbox 1171 2295 1214 2344; x_wconf 92' lang='lat' dir='ltr'>(l.</span> <span class='ocrx_word' id='word_1_252' title='bbox 1240 2294 1265 2334; x_wconf 85' lang='grc'>1.</span> <span class='ocrx_word' id='word_1_253' title='bbox 1303 2305 1340 2344; x_wconf 89' lang='lat' dir='ltr'>p.</span> <span class='ocrx_word' id='word_1_254' title='bbox 1379 2294 1455 2333; x_wconf 77' lang='lat'>174</span> <span class='ocrx_word' id='word_1_255' title='bbox 1485 2291 1577 2345; x_wconf 88' lang='lat' dir='ltr'>sq.)‚</span> 
     </span>
     <span class='ocr_line' id='line_1_33' title="bbox 58 2359 1578 2415; baseline -0.001 -13"><span class='ocrx_word' id='word_1_256' title='bbox 58 2360 129 2414; x_wconf 90' lang='lat' dir='ltr'>qui</span> <span class='ocrx_word' id='word_1_257' title='bbox 154 2361 395 2414; x_wconf 85' lang='lat' dir='ltr'>explicatius</span> <span class='ocrx_word' id='word_1_258' title='bbox 425 2362 524 2403; x_wconf 88' lang='lat' dir='ltr'>haec</span> <span class='ocrx_word' id='word_1_259' title='bbox 555 2363 711 2403; x_wconf 84' lang='lat' dir='ltr'>tractat</span> <span class='ocrx_word' id='word_1_260' title='bbox 734 2363 760 2404; x_wconf 79' lang='lat'>².</span> <span class='ocrx_word' id='word_1_261' title='bbox 820 2362 1094 2415; x_wconf 87' lang='lat' dir='ltr'>Neglegenter</span> <span class='ocrx_word' id='word_1_262' title='bbox 1125 2361 1287 2414; x_wconf 87' lang='lat' dir='ltr'>quidem</span> <span class='ocrx_word' id='word_1_263' title='bbox 1310 2361 1472 2413; x_wconf 88' lang='lat' dir='ltr'>poetam</span> <span class='ocrx_word' id='word_1_264' title='bbox 1496 2359 1578 2400; x_wconf 80' lang='lat' dir='ltr'>Ro-</span> 
     </span>
    </p>
   </div>
   <div class='ocr_carea' id='block_1_3' title="bbox 58 2447 320 2453">
    <p class='ocr_par' dir='ltr' id='par_1_6' title="bbox 58 2447 320 2453">
     <span class='ocr_line' id='line_1_34' title="bbox 58 2447 320 2453; baseline 0 0"><span class='ocrx_word' id='word_1_265' title='bbox 58 2447 320 2453; x_wconf 95' lang='lat' dir='ltr'> </span> 
     </span>
    </p>
   </div>
   <div class='ocr_carea' id='block_1_4' title="bbox 54 2494 1577 2896">
    <p class='ocr_par' dir='ltr' id='par_1_7' title="bbox 54 2494 1576 2656">
     <span class='ocr_line' id='line_1_35' title="bbox 195 2494 1576 2542; baseline -0.003 -11"><span class='ocrx_word' id='word_1_266' title='bbox 195 2497 205 2516; x_wconf 88' lang='lat'><em>¹</em></span> <span class='ocrx_word' id='word_1_267' title='bbox 230 2496 274 2530; x_wconf 90' lang='lat' dir='ltr'>In</span> <span class='ocrx_word' id='word_1_268' title='bbox 300 2497 528 2542; x_wconf 83' lang='lat' dir='ltr'>sarcophago</span> <span class='ocrx_word' id='word_1_269' title='bbox 554 2497 722 2531; x_wconf 89' lang='lat' dir='ltr'>Romano</span> <span class='ocrx_word' id='word_1_270' title='bbox 751 2497 862 2539; x_wconf 88' lang='lat' dir='ltr'>(Mon.</span> <span class='ocrx_word' id='word_1_271' title='bbox 889 2495 974 2530; x_wconf 89' lang='lat' dir='ltr'>dell’</span> <span class='ocrx_word' id='word_1_272' title='bbox 1000 2496 1087 2530; x_wconf 88' lang='lat' dir='ltr'>Inst.</span> <span class='ocrx_word' id='word_1_273' title='bbox 1114 2495 1211 2536; x_wconf 86' lang='lat' dir='ltr'>VIII,</span> <span class='ocrx_word' id='word_1_274' title='bbox 1237 2496 1290 2529; x_wconf 78' lang='lat'>38.</span> <span class='ocrx_word' id='word_1_275' title='bbox 1317 2497 1361 2529; x_wconf 86' lang='lat' dir='ltr'>2a</span> <span class='ocrx_word' id='word_1_276' title='bbox 1386 2494 1431 2528; x_wconf 86' lang='lat' dir='ltr'>cf.</span> <span class='ocrx_word' id='word_1_277' title='bbox 1458 2494 1576 2528; x_wconf 89' lang='lat' dir='ltr'>Benn-</span> 
     </span>
     <span class='ocr_line' id='line_1_36' title="bbox 56 2552 1575 2599; baseline -0.003 -10"><span class='ocrx_word' id='word_1_278' title='bbox 56 2554 144 2589; x_wconf 83' lang='lat' dir='ltr'>dors</span> <span class='ocrx_word' id='word_1_279' title='bbox 166 2567 201 2589; x_wconf 92' lang='lat' dir='ltr'>u.</span> <span class='ocrx_word' id='word_1_280' title='bbox 230 2555 392 2590; x_wconf 87' lang='lat' dir='ltr'>Schoene</span> <span class='ocrx_word' id='word_1_281' title='bbox 419 2555 593 2589; x_wconf 85' lang='lat' dir='ltr'>Lateran.</span> <span class='ocrx_word' id='word_1_282' title='bbox 621 2555 713 2589; x_wconf 87' lang='lat' dir='ltr'>Mus.</span> <span class='ocrx_word' id='word_1_283' title='bbox 739 2567 772 2599; x_wconf 87' lang='lat' dir='ltr'>p.</span> <span class='ocrx_word' id='word_1_284' title='bbox 800 2556 868 2589; x_wconf 82' lang='lat'>269</span> <span class='ocrx_word' id='word_1_285' title='bbox 895 2556 964 2599; x_wconf 87' lang='lat' dir='ltr'>sq.)</span> <span class='ocrx_word' id='word_1_286' title='bbox 992 2558 1027 2588; x_wconf 89' lang='lat' dir='ltr'>et</span> <span class='ocrx_word' id='word_1_287' title='bbox 1052 2554 1266 2589; x_wconf 84' lang='lat' dir='ltr'>Florentino</span> <span class='ocrx_word' id='word_1_288' title='bbox 1303 2553 1411 2593; x_wconf 78' lang='lat' dir='ltr'>(Gall.</span> <span class='ocrx_word' id='word_1_289' title='bbox 1437 2553 1475 2586; x_wconf 82' lang='lat' dir='ltr'>di</span> <span class='ocrx_word' id='word_1_290' title='bbox 1500 2552 1575 2586; x_wconf 87' lang='lat' dir='ltr'>Fir.</span> 
     </span>
     <span class='ocr_line' id='line_1_37' title="bbox 54 2612 1428 2656; baseline -0.002 -9"><span class='ocrx_word' id='word_1_291' title='bbox 54 2613 115 2653; x_wconf 88' lang='lat' dir='ltr'>lv,</span> <span class='ocrx_word' id='word_1_292' title='bbox 142 2615 197 2649; x_wconf 87' lang='lat'>91.</span> <span class='ocrx_word' id='word_1_293' title='bbox 225 2615 269 2647; x_wconf 85' lang='lat'>92</span> <span class='ocrx_word' id='word_1_294' title='bbox 296 2614 340 2648; x_wconf 88' lang='lat' dir='ltr'>cf.</span> <span class='ocrx_word' id='word_1_295' title='bbox 368 2614 576 2648; x_wconf 85' lang='lat' dir='ltr'>Duetschke</span> <span class='ocrx_word' id='word_1_296' title='bbox 604 2614 731 2648; x_wconf 86' lang='lat' dir='ltr'>Antik.</span> <span class='ocrx_word' id='word_1_297' title='bbox 759 2614 886 2648; x_wconf 85' lang='lat' dir='ltr'>Bildw.</span> <span class='ocrx_word' id='word_1_298' title='bbox 916 2613 1111 2648; x_wconf 83' lang='lat' dir='ltr'>Ober-Ital.</span> <span class='ocrx_word' id='word_1_299' title='bbox 1138 2613 1192 2646; x_wconf 92' lang='lat' dir='ltr'>III</span> <span class='ocrx_word' id='word_1_300' title='bbox 1216 2624 1252 2656; x_wconf 93' lang='lat' dir='ltr'>p.</span> <span class='ocrx_word' id='word_1_301' title='bbox 1278 2613 1321 2645; x_wconf 84' lang='lat'>32</span> <span class='ocrx_word' id='word_1_302' title='bbox 1349 2612 1428 2655; x_wconf 87' lang='lat' dir='ltr'>sq.).</span> 
     </span>
    </p>

    <p class='ocr_par' dir='ltr' id='par_1_8' title="bbox 56 2669 1577 2896">
     <span class='ocr_line' id='line_1_38' title="bbox 190 2669 1565 2713; baseline -0.003 -6"><span class='ocrx_word' id='word_1_303' title='bbox 190 2674 203 2694; x_wconf 78' lang='lat'><strong>²</strong></span> <span class='ocrx_word' id='word_1_304' title='bbox 227 2673 310 2707; x_wconf 87' lang='lat' dir='ltr'>Non</span> <span class='ocrx_word' id='word_1_305' title='bbox 338 2673 384 2707; x_wconf 86' lang='lat' dir='ltr'>ab</span> <span class='ocrx_word' id='word_1_306' title='bbox 410 2684 449 2706; x_wconf 90' lang='lat' dir='ltr'>re</span> <span class='ocrx_word' id='word_1_307' title='bbox 481 2676 536 2707; x_wconf 80' lang='lat' dir='ltr'>est</span> <span class='ocrx_word' id='word_1_308' title='bbox 571 2673 639 2708; x_wconf 88' lang='lat' dir='ltr'>hoc</span> <span class='ocrx_word' id='word_1_309' title='bbox 668 2675 748 2708; x_wconf 89' lang='lat' dir='ltr'>loco</span> <span class='ocrx_word' id='word_1_310' title='bbox 780 2676 910 2706; x_wconf 85' lang='lat' dir='ltr'>notare</span> <span class='ocrx_word' id='word_1_311' title='bbox 942 2672 1147 2706; x_wconf 84' lang='lat' dir='ltr'>Phaedram</span> <span class='ocrx_word' id='word_1_312' title='bbox 1173 2670 1377 2705; x_wconf 82' lang='lat' dir='ltr'>Coroniferi</span> <span class='ocrx_word' id='word_1_313' title='bbox 1402 2669 1506 2713; x_wconf 85' lang='lat' dir='ltr'>queri</span> <span class='ocrx_word' id='word_1_314' title='bbox 1531 2682 1565 2703; x_wconf 93' lang='lat' dir='ltr'>v.</span> 
     </span>
     <span class='ocr_line' id='line_1_39' title="bbox 57 2727 1577 2777; baseline -0.002 -13"><span class='ocrx_word' id='word_1_315' title='bbox 57 2732 127 2766; x_wconf 84' lang='lat'>379</span> <span class='ocrx_word' id='word_1_316' title='bbox 149 2743 217 2776; x_wconf 89' lang='lat' dir='ltr'>sq.:</span> <span class='ocrx_word' id='word_1_317' title='bbox 244 2729 287 2764; x_wconf 80' lang='grc' dir='ltr'>τὰ</span> <span class='ocrx_word' id='word_1_318' title='bbox 310 2727 437 2777; x_wconf 77' lang='grc' dir='ltr'><em>χρήστ’</em></span> <span class='ocrx_word' id='word_1_319' title='bbox 456 2728 715 2777; x_wconf 66' lang='grc' dir='ltr'>ἐπιστάμεσθα</span> <span class='ocrx_word' id='word_1_320' title='bbox 734 2734 791 2764; x_wconf 78' lang='grc' dir='ltr'>καὶ</span> <span class='ocrx_word' id='word_1_321' title='bbox 810 2728 1077 2776; x_wconf 67' lang='grc' dir='ltr'>γιγνώσκομεν,</span> <span class='ocrx_word' id='word_1_322' title='bbox 1094 2727 1160 2764; x_wconf 80' lang='grc' dir='ltr'>οὐκ</span> <span class='ocrx_word' id='word_1_323' title='bbox 1187 2730 1415 2774; x_wconf 69' lang='grc' dir='ltr'>ἐκπονοῦμεν</span> <span class='ocrx_word' id='word_1_324' title='bbox 1440 2729 1482 2763; x_wconf 71' lang='grc' dir='ltr'>δέ</span> <span class='ocrx_word' id='word_1_325' title='bbox 1507 2730 1577 2761; x_wconf 79' lang='grc' dir='ltr'><em>κτλ.</em></span> 
     </span>
     <span class='ocr_line' id='line_1_40' title="bbox 57 2787 1576 2835; baseline -0.003 -10"><span class='ocrx_word' id='word_1_326' title='bbox 57 2793 186 2825; x_wconf 78' lang='lat' dir='ltr'>contra</span> <span class='ocrx_word' id='word_1_327' title='bbox 212 2790 368 2826; x_wconf 88' lang='lat' dir='ltr'>Senecae</span> <span class='ocrx_word' id='word_1_328' title='bbox 394 2790 602 2825; x_wconf 85' lang='lat' dir='ltr'>Phaedram</span> <span class='ocrx_word' id='word_1_329' title='bbox 639 2791 739 2824; x_wconf 91' lang='lat' dir='ltr'>ultro</span> <span class='ocrx_word' id='word_1_330' title='bbox 780 2789 948 2835; x_wconf 83' lang='lat' dir='ltr'>profiteri</span> <span class='ocrx_word' id='word_1_331' title='bbox 983 2802 1016 2823; x_wconf 89' lang='lat' dir='ltr'>v.</span> <span class='ocrx_word' id='word_1_332' title='bbox 1052 2791 1114 2823; x_wconf 88' lang='grc'>177</span> <span class='ocrx_word' id='word_1_333' title='bbox 1143 2801 1212 2833; x_wconf 89' lang='lat' dir='ltr'>sp.:</span> <span class='ocrx_word' id='word_1_334' title='bbox 1255 2787 1361 2834; x_wconf 86' lang='lat' dir='ltr'>‘quae</span> <span class='ocrx_word' id='word_1_335' title='bbox 1397 2799 1576 2822; x_wconf 87' lang='lat' dir='ltr'>memoras</span> 
     </span>
     <span class='ocr_line' id='line_1_41' title="bbox 56 2844 1577 2896; baseline -0.003 -12"><span class='ocrx_word' id='word_1_336' title='bbox 56 2849 132 2885; x_wconf 84' lang='lat' dir='ltr'>scio</span> <span class='ocrx_word' id='word_1_337' title='bbox 157 2849 254 2885; x_wconf 88' lang='lat' dir='ltr'>Vera</span> <span class='ocrx_word' id='word_1_338' title='bbox 295 2861 382 2895; x_wconf 87' lang='lat' dir='ltr'>esse,</span> <span class='ocrx_word' id='word_1_339' title='bbox 427 2850 566 2894; x_wconf 85' lang='lat' dir='ltr'>nutrix,</span> <span class='ocrx_word' id='word_1_340' title='bbox 609 2849 672 2884; x_wconf 83' lang='lat' dir='ltr'>sed</span> <span class='ocrx_word' id='word_1_341' title='bbox 709 2849 812 2884; x_wconf 89' lang='lat' dir='ltr'>furor</span> <span class='ocrx_word' id='word_1_342' title='bbox 851 2848 951 2896; x_wconf 85' lang='lat' dir='ltr'>cogit</span> <span class='ocrx_word' id='word_1_343' title='bbox 985 2848 1092 2894; x_wconf 83' lang='lat' dir='ltr'>sequi</span> <span class='ocrx_word' id='word_1_344' title='bbox 1117 2844 1271 2883; x_wconf 85' lang='lat' dir='ltr'>Peiora’.</span> <span class='ocrx_word' id='word_1_345' title='bbox 1327 2845 1577 2892; x_wconf 83' lang='lat' dir='ltr'>Intellegisne,</span> 
     </span>
    </p>
   </div>
  </div>
 </body>
</html>
