1912 3310
806 186 873 220 125

207 296 342 341 Enisis
384 298 521 340 autem
561 299 677 341 nobis
712 299 757 357 in
791 299 901 341 hunc
943 299 1137 340 verticem
1182 298 1221 341 et
1260 297 1604 353 circumspectan-

75 364 187 407 tibus
217 364 477 407 admirabilis
508 365 636 406 videri
668 365 787 407 debet
833 365 906 416 vis,
947 377 1070 418 quam
1103 365 1224 406 unius
1255 365 1334 406 viri
1365 367 1604 419 praepotens

74 431 286 485 ingenium
317 431 360 473 in
393 432 550 474 animos
568 432 770 486 habuerit,
801 433 841 473 et
862 432 1088 474 auctoritas
1115 432 1200 473 eius
1222 433 1372 485 raptim
1396 446 1443 475 ac
1464 435 1605 475 tamen

77 499 365 541 convenienter
397 500 450 541 ab
480 499 572 541 aliis
607 500 650 540 in
687 500 788 541 alios
828 500 997 553 tradita,
1044 500 1171 541 donec
1215 512 1443 553 congruens
1486 501 1605 543 stilus

77 565 281 607 evaderet.
332 590 376 594 —
421 566 560 619 Atque
598 566 698 607 haec
738 567 798 607 est
829 566 952 608 solita
983 567 1178 619 antiquae
1208 566 1310 608 artis
1340 568 1605 620 propagatim

77 633 269 686 quocirca
304 632 335 673 ii
358 645 388 674 a
419 632 594 673 veritate
630 632 752 685 longe
790 632 954 683 absunt,
1007 632 1077 686 qui
1112 633 1154 673 in
1192 632 1277 673 stili
1321 645 1517 674 consensu
1555 633 1606 675 ad

76 699 269 741 naturam
300 698 461 740 vitaeve
491 698 829 739 consuetudinem
858 711 1014 752 semper
1045 700 1272 744 recurrant,
1306 711 1352 740 ex
1380 711 1461 752 qua
1492 700 1604 741 simi-

75 765 208 807 litudo
253 764 501 818 profluxerit.
577 765 716 806 Unum
765 765 963 806 excelsum
1016 765 1344 819 praecellensque
1392 767 1604 821 ingenium

77 831 253 885 vestigia
283 830 534 884 temporibus
571 832 655 872 suis
694 831 755 873 ita
791 831 1006 885 imprimit,
1058 833 1103 873 ut
1143 833 1267 874 etiam
1297 833 1340 874 in
1370 836 1603 888 sequentem

77 899 257 941 aetatem
289 899 448 940 durent.
501 898 599 940 Eius
629 899 767 940 autem
799 899 1083 952 intellegentes
1114 899 1291 941 artifices
1321 902 1474 942 sectam
1502 914 1607 943 sem-

77 979 147 1019 per
176 966 408 1019 sequentur,
437 966 506 1019 qui
536 965 713 1007 artificia
743 965 860 1019 quasi
890 966 1239 1008 subauscultando
1273 968 1323 1008 ab
1344 968 1432 1022 ipsa
1455 971 1606 1012 natura

77 1033 278 1086 accepisse
296 1033 549 1085 videbam-13
581 1045 662 1086 qua
696 1033 855 1075 ratione
885 1033 1007 1075 stilus
1036 1035 1208 1075 naturae
1239 1035 1482 1077 conveniens
1513 1050 1608 1079 nas-

77 1101 197 1143 citur.
255 1100 486 1141 Fortunata
516 1113 563 1142 ea
593 1101 792 1153 tempora,
838 1100 985 1154 quibus
1027 1101 1206 1142 artifices
1247 1101 1424 1143 alienam
1462 1105 1606 1145 aucto-

77 1168 245 1210 ritatem
289 1167 471 1208 venerati
516 1179 596 1209 non
637 1167 888 1220 dubitarent,
938 1168 1045 1221 quod
1087 1168 1259 1222 quisque
1307 1169 1508 1222 optimum
1549 1172 1607 1213 fe-

78 1235 210 1285 cisset,
255 1246 374 1276 suum
416 1233 560 1276 facere.
634 1234 723 1276 Hoc
769 1235 875 1276 certe
906 1236 1071 1277 nostrae
1101 1236 1250 1277 aetatis
1283 1248 1361 1277 non
1394 1238 1473 1286 est;
1519 1239 1607 1280 erat

79 1301 341 1344 Graecorum.

78 1437 178 1471 celat
193 1436 253 1480 (cf.
279 1448 313 1471 v.
332 1437 375 1471 63
395 1437 473 1481 sq.),
497 1436 682 1471 nutricem
699 1436 869 1472 Phaedra
894 1436 953 1480 (cf.
979 1449 1012 1472 v.
1040 1437 1106 1471 271
1136 1449 1188 1482 sq.
1216 1438 1280 1472 301
1300 1440 1380 1484 sq.).
1410 1439 1475 1474 Ille
1494 1441 1607 1476 etiam

79 1507 203 1531 coram
228 1495 371 1530 medico
399 1495 571 1529 simulare
597 1496 721 1540 pergit
745 1495 805 1539 (cf.
834 1508 868 1530 v.
901 1497 965 1530 123
993 1496 1079 1540 sq.);
1123 1508 1194 1541 quo
1222 1497 1301 1531 loco
1339 1497 1385 1542 (v,
1415 1500 1494 1533 125.
1524 1500 1611 1543 1345

78 1554 264 1589 Lucianus
282 1554 452 1588 imitatur
467 1553 687 1598 Euripidem
702 1554 751 1597 (v.
771 1555 851 1588 345.
871 1555 966 1597 347).
1004 1555 1172 1599 Denique
1191 1555 1228 1589 in
1247 1555 1443 1600 hypothesi
1463 1557 1607 1602 Ocypus

78 1613 217 1648 dicitur
255 1610 371 1647 κάλλει
411 1615 470 1646 καὶ
510 1610 662 1658 δυνάμει
692 1613 897 1658 διαφέρωι’;
940 1617 978 1648 at
1006 1614 1253 1659 Hippolytum
1287 1616 1417 1660 genuit
1442 1618 1607 1652 Amazon

79 1668 195 1706 κάλλει
223 1683 259 1705 τε
283 1674 343 1705 καὶ
369 1668 589 1719 σωφροσύνῃ
618 1672 842 1718 διαφέροντα
869 1673 976 1717 (Arg.
1002 1673 1092 1707 Eur.
1119 1673 1228 1718 Hip).

217 1731 227 1750 ¹
253 1729 426 1764 Schiller:

214 1788 327 1822 Gutes
353 1800 417 1822 aus
444 1787 589 1831 Gutem,
617 1788 680 1822 das
706 1788 805 1823 kann
829 1788 1018 1833 jedweder
1045 1788 1291 1836 Verstandige
1317 1791 1461 1835 bilden3

279 1847 368 1882 aber
391 1847 456 1881 der
482 1847 617 1882 Genius
644 1847 723 1881 ruft
750 1847 863 1882 Gutes
891 1860 955 1883 aus
982 1848 1214 1884 Schlechtem
1241 1850 1387 1885 hervor.

213 1908 272 1941 An
300 1906 530 1941 Gebildetem
556 1919 626 1940 nur
654 1906 773 1941 darfst
799 1907 860 1950 du,
886 1907 1129 1952 Nachalimer‚
1156 1909 1241 1943 dich
1268 1909 1384 1954 iiben3

279 1965 392 2000 selbst
418 1965 628 2001 Gebildetes
654 1967 702 2000 ist
728 1966 825 2000 Stoff
847 1979 918 2001 nur
943 1966 1025 2001 dem
1052 1968 1251 2002 bildenden
1279 1968 1390 2003 Geist.
