1912 3310
1029 197 1075 233 80

284 314 427 355 deinde
454 313 698 366 pensitanda
724 315 820 356 sunt
852 313 1089 355 testimonia
1121 313 1169 354 de
1195 313 1262 354 via
1294 323 1341 353 ac
1369 311 1539 365 ratione,
1568 324 1649 364 qua
1669 311 1809 357 nutrix

282 382 441 434 patrem
475 380 607 422 adeat.
667 380 839 422 Ovidius
870 381 1001 434 igitur
1032 381 1093 422 ita
1125 379 1267 421 narrat
1297 391 1335 419 v.
1362 378 1442 419 438
1473 391 1554 431 sq.:

480 449 604 490 nacta
635 460 803 501 gravem
835 447 930 489 vino
964 446 1158 500 Cinyram
1188 445 1296 486 male
1326 444 1467 486 sedula
1498 445 1635 486 nutrix

482 515 645 557 nomine
676 514 848 555 mentito
879 526 995 555 veros
1027 512 1191 566 exponit
1221 524 1379 554 amores

482 583 522 624 et
554 581 700 623 faciem
733 580 891 622 laudat.

285 649 405 703 Apud
426 649 684 690 Antoninum
704 647 843 688 nutrix
872 646 960 700 regi
994 646 1181 688 nuntiat:
1214 641 1280 686 ὅτι
1311 639 1427 701 αι’-τῴ
1456 641 1558 701 κόρη
1591 644 1812 699 μακαρίων

279 711 534 769 ἀνθρώπων
564 716 707 755 ποθεῖ
735 712 1057 767 παραγενέσθαι
1094 715 1307 768 κρυφαῖος
1338 710 1400 762 εἷς
1432 712 1508 770 τὴν
1542 713 1699 768 κοίτην.
1746 714 1813 756 Si-

283 785 398 825 milia
430 784 478 825 de
515 782 674 824 nutrice
705 781 918 834 perhibent
954 781 1225 822 Plutarchus:
1275 777 1359 836 ἔφη
1390 778 1467 834 γὰρ
1499 780 1668 835 γείτονα
1702 795 1814 834 παρ-

281 851 414 893 θένον
459 848 557 902 ἐρᾶν
594 843 737 898 αὐτοῦ,
787 863 857 889 και
894 843 1179 899 αισχῦνεσθαι
1217 845 1259 888 ἐι
1289 848 1466 903 φανερῶ
1506 847 1725 901 προςιέιαι
1773 847 1814 888 et

281 918 457 972 Oppiani
499 917 739 958 Scholiasta:
791 911 811 972 ἡ
850 912 1016 971 τροφὸς
1053 913 1336 968 σιιεκοίιιησε
1377 911 1532 968 ταίτην
1570 916 1630 970 τῶ
1665 912 1813 967 πατρί,

281 981 512 1038 εἷσάγοισα
542 999 648 1024 και-α
679 979 753 1039 τὴι
784 998 922 1031 ιικτα,
972 978 1030 1031 (ὃς
1064 981 1183 1036 ξέιιρ
1215 983 1392 1034 y‘wcclzct
1421 983 1461 1023 ct
1484 982 1648 1024 Selvius
1671 982 1812 1034 (Velg'.

282 1054 381 1095 Buc.
413 1052 462 1101 X,
496 1053 585 1103 18):
626 1050 752 1092 dixit
781 1050 955 1104 (ὶίιῃιῑιθ
999 1062 1082 1090 esse
1114 1048 1324 1102 quandam
1357 1049 1550 1102 puellam,
1596 1061 1698 1102 quae
1728 1048 1813 1089 eius

279 1133 417 1162 amore
448 1119 644 1173 flagraret
674 1119 713 1160 et
744 1118 1008 1159 concubitum
1041 1118 1158 1157 nocte
1195 1117 1237 1157 in
1278 1117 1458 1158 tenebris
1498 1117 1663 1170 propter
1700 1128 1814 1157 vere-

281 1187 475 1230 cundiam
518 1186 717 1239 expeteret
759 1184 1040 1237 virginalem'.
1099 1185 1147 1225 In
1180 1183 1387 1225 Theocriti
1426 1183 1720 1225 commentario
1750 1182 1815 1223 in-

285 1256 439 1298 cestum
471 1254 528 1295 sic
558 1253 792 1294 instituitur
825 1252 869 1303 (l.
897 1250 966 1304 l.):
1001 1246 1208 1292 ἐλάνθανε
1243 1250 1290 1291 δὲ
1320 1247 1395 1292 τὸν
1426 1249 1592 1304 πατέρα
1622 1249 1814 1302 στολιζο-

282 1321 385 1377 μέιί]
418 1320 484 1362 καὶ
516 1317 903 1373 σι·ιάιάλιιιγιίχυένη
935 1314 995 1368 (ὃς
1026 1314 1287 1371 θεράπαινα.
1347 1318 1459 1370 Quae
1493 1319 1653 1360 fabulae
1683 1318 1816 1360 forma

283 1391 364 1432 alio
402 1388 638 1430 testimonio
671 1400 753 1428 non
790 1385 1093 1440 comprobatur.
1159 1385 1267 1427 Nam
1300 1386 1351 1427 ab
1383 1386 1514 1427 altera
1544 1386 1661 1439 parte
1692 1386 1816 1427 testes
1873 1385 1880 1389 “

282 1458 407 1508 stant,
440 1457 511 1509 qui
540 1455 699 1496 nutrice
730 1454 879 1495 omissa
897 1454 1111 1508 Mj‘rrham
1142 1453 1272 1506 ipsam
1306 1454 1502 1506 paternae
1532 1452 1722 1494 ebrietati
1752 1452 1817 1493 in-

282 1525 501 1566 sidiantem
551 1523 734 1576 fingunt:
794 1521 1067 1574 Nicephorus,
1115 1520 1285 1562 Servius
1331 1521 1473 1574 (Verg.
1513 1520 1614 1562 Aen.
1650 1521 1697 1570 V,
1735 1520 1815 1572 72),

283 1590 577 1646 Mythographi
600 1589 806 1630 Vaticani.
858 1587 1029 1630 Ovidius
1060 1588 1191 1641 igitur
1223 1588 1469 1640 compilator
1501 1587 1608 1629 male
1638 1587 1815 1638 sedulus,

282 1671 519 1713 quanquam
551 1658 691 1710 postea
722 1656 790 1708 (cf.
811 1654 963 1707 v.473)
996 1655 1142 1708 prioris
1174 1655 1327 1696 ordinis
1353 1655 1478 1696 testes
1509 1656 1671 1696 secutus
1702 1653 1817 1707 puel-

282 1727 364 1768 lam
406 1726 448 1766 in
489 1724 667 1766 tenebris
721 1736 812 1765 cum
852 1724 968 1776 patre
1018 1723 1285 1764 concubuisse
1325 1722 1466 1772 refert,
1519 1723 1658 1763 tamen
1704 1721 1817 1762 lenae

279 1793 419 1835 dolum
460 1793 521 1834 ita
562 1792 731 1833 exornat
776 1790 998 1844 pudicitiae
1038 1790 1295 1843 praetextum
1332 1789 1633 1830 inconsiderate
1679 1788 1818 1842 negle-

279 1873 391 1914 gens,
425 1862 470 1900 ut
499 1872 587 1901 eam
619 1859 662 1899 in
695 1858 888 1912 Cinyram
912 1858 1070 1899 ebrium
1092 1857 1340 1898 incidentem
1363 1855 1518 1910 fingat;
1551 1855 1658 1909 quod
1682 1856 1817 1909 potius

280 1929 315 1969 ei
344 1926 507 1969 fabulae
542 1926 698 1967 formae
737 1924 1094 1967 accommodatum
1126 1924 1197 1974 est,
1245 1936 1290 1964 ex
1322 1937 1401 1977 qua
1433 1923 1571 1964 nutrix
1601 1923 1818 1965 ministrae

279 1997 465 2050 partibus
488 2008 567 2037 non
589 1994 790 2047 fungitur.
841 1994 976 2046 Atque
999 1992 1107 2045 apud
1129 1991 1321 2033 Ovidium
1345 1992 1443 2033 haec
1465 1992 1572 2033 ratio
1604 2004 1648 2033 eo
1682 1991 1819 2032 minus

279 2063 445 2112 sufficit,
500 2061 608 2116 quod
646 2073 837 2113 spurcam
870 2060 1071 2101 Venerem
1101 2059 1263 2111 saepius
1294 2059 1550 2112 integratam
1582 2071 1666 2100 esse
1695 2058 1819 2099 refert

283 2131 413 2172 v.471
440 2132 462 2169 ¹.
522 2129 567 2169 Id
593 2128 779 2181 denique,
811 2126 919 2180 quod
941 2127 1034 2168 lena
1058 2126 1216 2179 puellae
1246 2126 1390 2167 faciem
1423 2126 1578 2179 laudat,
1611 2126 1817 2167 Nasonem

282 2210 363 2238 non
394 2197 596 2238 invenisse
628 2196 710 2237 alio
742 2195 832 2236 loco
865 2194 1167 2235 demonstrabo.

414 2263 583 2316 Myrrha
615 2264 752 2305 antem
783 2262 825 2302 in
856 2261 1093 2303 thalamum
1117 2261 1305 2311 deducta,
1340 2260 1448 2302 malo
1472 2261 1605 2302 omine
1627 2261 1819 2302 revocata

282 2332 467 2373 attamen
512 2330 746 2383 procedens,
794 2342 920 2383 paene
960 2329 1056 2370 ante
1093 2328 1232 2370 oculos
1277 2329 1438 2370 nostros
1480 2328 1646 2381 ponitur
1681 2327 1819 2370 Ovidii

282 2397 465 2438 versibus
496 2398 578 2439 454
608 2410 684 2452 sq:

414 2465 449 2505 it
478 2466 630 2515 tamen,
664 2466 703 2507 et
734 2465 925 2506 tenebrae
957 2464 1150 2505 minuunt
1182 2476 1341 2517 noxque
1371 2465 1464 2505 atra
1496 2462 1714 2516 pudoren1;

415 2532 669 2586 nutricisque
700 2545 869 2574 manum
900 2532 1018 2573 laeva
1050 2531 1172 2582 tenet,
1205 2531 1337 2573 altera
1369 2532 1486 2572 motu

414 2611 580 2640 caecum
612 2600 691 2640 iter
723 2599 908 2652 explorat
939 2611 970 2640 e.
1001 2612 1038 2651 q.
1072 2611 1104 2639 s.

282 2666 485 2719 Argutiae
522 2666 672 2707 vividis
710 2666 914 2707 coloribus
948 2665 1114 2718 singula
1159 2664 1399 2715 effingentes
1432 2663 1700 2705 Alexandrini
1733 2663 1820 2705 stili

423 2811 433 2829 ¹
462 2809 711 2853 Apollodorus
731 2810 898 2854 loquitur
917 2810 961 2844 de
982 2810 1177 2844 duodecim
1196 2809 1378 2850 n‘octibus,
1407 2808 1505 2852 quod
1522 2807 1821 2852 mythologorum

282 2869 586 2913 interpretationi
614 2880 739 2903 ansam
767 2869 855 2904 dare
881 2872 1016 2913 potest.
