1912 3310
879 217 922 249 73

138 328 240 371 Cum
271 327 419 381 quibus
455 328 721 381 componendi
755 340 891 370 versus
920 328 1133 382 Euripidei

137 397 216 438 311
248 407 326 449 sq.:
402 390 634 444 ἀπώλεσάς
662 411 728 450 με,
757 398 877 448 μαῖα,
908 394 978 436 καί
1008 410 1055 436 σε
1088 394 1201 450 πρὸς
1231 400 1350 439 θεῶν

401 460 523 502 τοῦδ’
553 454 709 514 ἀνδρὸς
734 453 866 511 αὖθις
895 461 1095 515 λίσσομαι
1128 465 1251 518 σιγᾶν
1281 464 1379 518 πέρι

138 543 175 571 v.
206 529 310 570 323:
404 524 455 568 ἔα
483 528 527 580 μ’
559 521 804 570 ἅπελθοῖ>σ’
834 528 922 570 κτλ.
955 530 1023 582 (cf.
1056 544 1092 572 v.
1125 532 1221 580 333)
1254 545 1290 573 V.
1325 533 1427 573 317:

401 593 649 647 χεῖρες“μὲν
675 590 809 649 ἁγναί,
838 594 950 652 φρὴν
981 596 1016 637 δ’
1051 594 1138 648 ἔχει
1168 594 1334 650 μίασμά
1364 614 1417 639 τι.

138 661 262 715 Apud
293 662 515 715 utrumque
547 663 709 715 poetam
741 662 885 704 deinde
916 664 1053 704 nutrix
1084 665 1250 717 supplex
1280 666 1375 707 ante
1413 677 1502 706 erae
1542 664 1658 717 pedes

137 728 371 783 procumbit
410 728 504 782 (Ov.
536 729 616 769 415
648 729 744 770 Eur.
777 730 896 783 326);
945 731 1068 783 atque
1113 731 1221 784 quod
1264 732 1432 773 maximi
1472 731 1660 784 ponderis

138 796 210 847 est,
241 796 417 850 utraque
445 796 613 837 heroina
645 796 848 837 similibus
880 798 1124 850 ambagibus
1157 799 1400 840 confessioni
1442 797 1658 851 praeludit.

137 863 306 917 Myrrha
351 863 458 905 enim
509 876 544 905 v.
576 864 677 904 422:
725 857 807 905 ‘0'
847 864 951 905 dixit
985 861 1173 906 ‘felicem
1218 866 1389 918 coniuge
1431 857 1659 906 matremz'

137 930 323 973 Phaedra
354 931 414 973 ita
445 944 481 973 v.
516 931 596 972 337
611 946 619 979 ;

401 988 437 1038 ὦ
467 997 639 1055 τλῆμον,
675 991 783 1053 οἷον,
813 999 960 1054 μῆτερ,
996 993 1190 1056 ἠράσθης
1222 997 1333 1053 ἔρον.

136 1063 398 1107 Confessione
428 1066 567 1107 autem
598 1066 809 1108 Phaedrae
849 1067 1015 1108 tandem
1050 1068 1248 1109 extricata
1287 1066 1487 1107 nutricem
1518 1066 1660 1107 horror

136 1132 346 1187 perfundit
377 1146 414 1174 v.
445 1133 527 1174 353
557 1145 630 1186 sq.‚
669 1146 788 1186 quem
820 1134 937 1187 poeta
965 1135 1176 1176 Romanus
1208 1147 1309 1176 anus
1337 1133 1486 1175 canitie
1517 1131 1661 1185 rigidis

137 1199 250 1241 hirta
283 1199 420 1241 stante
451 1200 613 1253 capillis
642 1200 834 1242 illustrat
865 1213 901 1241 v.
934 1201 1027 1242 425.

270 1265 349 1309 Sed
371 1266 576 1309 Ovidiana
608 1267 747 1308 nutrix
778 1268 910 1309 multa
941 1268 1114 1321 addidit,
1144 1268 1210 1309 ‘ut
1241 1266 1444 1309 excuteret
1475 1266 1596 1319 diros,
1627 1266 1658 1306 si

138 1334 286 1388 posset,
318 1326 506 1375 amores'.
554 1334 776 1387 Euripidea
805 1334 925 1388 longe
956 1347 1081 1387 secus,
1115 1347 1206 1376 cum
1227 1333 1432 1375 resistenti
1452 1333 1661 1374 Phaedrae

136 1400 377 1455 persuadere
410 1400 547 1454 potius
583 1404 763 1452 conetur,
813 1403 858 1442 ut
890 1403 1019 1443 amori
1051 1403 1183 1443 totam
1214 1415 1254 1443 se
1276 1401 1421 1450 dedat3
1467 1414 1570 1454 quae
1601 1401 1661 1442 est

136 1468 259 1510 unica
299 1468 407 1510 ratio
452 1468 675 1510 moderatis
724 1469 893 1510 alterius
932 1469 1142 1511 Phaedrae
1186 1469 1366 1510 moribus
1408 1467 1659 1509 conveniens,

137 1535 285 1578 Nescio
316 1548 367 1577 an
395 1535 505 1577 idem
532 1535 725 1590 Myrrhae
757 1536 998 1577 conveniens
1027 1536 1163 1586 fuerit,
1209 1537 1254 1576 ut
1282 1549 1404 1589 quam
1435 1536 1552 1589 poeta
1585 1534 1661 1576 Co-

136 1602 304 1644 roniferi
336 1603 564 1655 exemplum
609 1605 772 1644 secutus
819 1604 1016 1644 incestam
1055 1603 1267 1644 libidinem
1303 1603 1418 1644 anxie
1449 1602 1661 1643 occultan-

135 1670 220 1711 tem
255 1670 294 1711 et
328 1669 589 1723 aliquatenus
627 1671 736 1712 certe
775 1670 996 1723 pudicitiae
1041 1670 1247 1711 cedentem
1293 1670 1444 1712 fecerit.
1505 1669 1661 1710 Nasoni

136 1736 257 1778 aliter
291 1736 424 1778 visum
453 1738 526 1787 est,
573 1749 666 1778 cum
707 1738 866 1790 puellae
897 1751 919 1779 a
950 1738 1108 1779 ratione
1138 1739 1259 1778 antea
1299 1737 1412 1778 enixe
1448 1736 1660 1778 observata

137 1804 318 1846 subitam
348 1803 617 1845 defectionem
648 1804 826 1857 imputet
858 1816 1029 1858 pergens
1060 1817 1095 1845 v.
1122 1805 1201 1844 427
1234 1816 1312 1856 sq:

512 1872 556 1913 at
586 1872 703 1925 virgo
736 1872 813 1913 scit
844 1884 885 1913 se
915 1884 995 1912 non
1025 1871 1128 1912 falsa
1159 1871 1333 1919 moneri3

271 1938 382 1980 certa
413 1938 518 1980 mori
546 1939 686 1981 tamen
719 1940 792 1989 est,
825 1939 858 1980 si
889 1951 968 1980 non
996 1938 1178 1991 potiatur
1207 1951 1356 1980 amore.

139 2005 455 2059 Compilationis
498 2005 690 2048 videlicet
735 2006 776 2047 hi
817 2019 955 2047 versus
997 2006 1106 2047 haud
1150 2006 1321 2047 obscura
1360 2005 1513 2047 indicia
1553 2005 1660 2055 sunt,

138 2073 286 2127 quippe
318 2073 390 2127 qui
423 2073 558 2127 potius
588 2074 734 2127 prioris
760 2073 971 2115 Phaedrae
1003 2086 1132 2114 mores
1165 2073 1379 2115 delineent.
1407 2073 1530 2124 ⁴Nam
1552 2072 1662 2125 post-

138 2154 261 2195 quam
292 2141 455 2194 tragICa
487 2141 626 2182 nutrix
659 2141 811 2183 Seneca
842 2142 1009 2182 auctore
1045 2141 1196 2181 iterum
1232 2140 1462 2193 iterumque
1501 2138 1662 2192 pericli-

136 2209 228 2251 tata
260 2209 334 2263 est,
365 2209 514 2262 quibus
545 2209 906 2250 adhortationibus
938 2208 1128 2250 dominae
1160 2207 1368 2260 cupidines
1399 2204 1663 2248 contunderet

137 2288 175 2318 v.
200 2276 278 2317 129
299 2288 358 2330 sq.
390 2276 472 2317 246
504 2288 578 2330 sq„
608 2276 682 2318 illa
714 2276 870 2317 fatetur
900 2288 994 2317 vera
1028 2288 1123 2328 esse,
1155 2287 1257 2327 quae
1287 2274 1424 2315 nutrix
1453 2272 1662 2322 memoret,

136 2343 206 2386 sed
240 2343 420 2385 furorem
456 2356 600 2398 cogere
641 2345 779 2397 peiora
814 2344 928 2397 sequi
973 2356 1011 2384 v.
1049 2343 1125 2383 177
1168 2355 1225 2395 sq.
1300 2341 1442 2393 Neque
1489 2338 1662 2380 Senecae

136 2410 326 2463 Phaedra
357 2411 467 2453 certa
500 2411 603 2453 mori
634 2424 714 2453 non
745 2413 805 2453 est
838 2425 875 2453 v.
907 2412 999 2461 254,
1052 2423 1176 2464 quam
1219 2410 1392 2451 mortem
1436 2405 1661 2447 minantem

137 2490 240 2520 anus
284 2477 474 2530 prohibet
517 2471 769 2531 spondendo
799 2478 990 2520 iuvenem
1031 2478 1160 2519 ferum
1207 2489 1249 2518 se
1294 2485 1581 2529 aggressuram
1623 2484 1660 2512 v.

137 2545 231 2595 272,
276 2545 323 2585 ut
353 2544 545 2598 Myrrhae
575 2545 714 2587 nutrix
747 2559 782 2587 v.
806 2546 904 2586 429:
952 2544 1093 2594 ‘vives
1141 2544 1199 2585 ait
1230 2543 1328 2583 haec
1359 2540 1532 2593 ‘potiere
1557 2538 1660 2579 tuo'.

138 2610 256 2663 Quod
287 2611 531 2664 promissum
565 2613 732 2654 numine
763 2612 901 2653 firmat
932 2612 1015 2652 ritu
1047 2610 1292 2663 Euripideae
1330 2607 1513 2659 nutricis,
1560 2617 1662 2658 quae

137 2692 231 2721 cum
264 2679 430 2720 Veneris
461 2679 724 2721 invocatione
756 2680 803 2720 de
833 2691 978 2720 scaena
1010 2677 1168 2718 decedit
1197 2690 1233 2718 v.
1265 2677 1344 2717 522
1368 2688 1426 2728 sq.

269 2746 348 2789 Sed
377 2746 680 2800 inquirentibus
720 2747 761 2787 in
794 2759 882 2787 eam
925 2745 1138 2794 rationem,
1185 2757 1265 2797 qua
1302 2743 1420 2796 poeta
1449 2740 1661 2794 Myrrham
1702 2736 1704 2739 ’

138 2813 284 2854 contra
313 2813 510 2855 incestam
553 2814 822 2867 cupiditatem
856 2812 1083 2853 luctantem
1117 2810 1335 2861 induxerit⁷
1374 2808 1505 2849 multa
1544 2805 1662 2847 obvia

138 2879 251 2930 fient,
297 2893 402 2933 quae
445 2880 651 2923 Milesiam
697 2880 875 2933 puellam
919 2879 962 2920 in
1005 2877 1243 2919 memoriam
1282 2876 1490 2918 reducant.
1553 2872 1662 2914 Nam
