1912 3310
983 225 1027 258 86

239 337 419 391 patrium
452 339 685 380 cubiculum
718 339 879 380 sceleris
911 338 1171 392 perpetrandi
1205 350 1327 379 causa
1361 337 1504 379 tendat
1536 351 1571 379 v.
1590 338 1671 379 206
1697 350 1768 392 sq.,

240 418 331 447 cum
378 406 515 447 nutrix
559 406 782 447 intervenit
836 420 871 448 v.
917 407 997 447 220
1043 419 1101 459 sq.
1177 404 1363 447 Similem
1407 417 1596 446 scaenam
1642 404 1769 446 simili

240 473 448 525 praeterea
479 473 599 514 modo
631 474 870 514 exornatam
900 473 1007 526 apud
1031 473 1226 515 Ovidium
1257 472 1500 520 invenimus,
1534 472 1604 513 ubi
1631 472 1769 512 nutrix

238 539 547 581 interveniendo
564 540 776 593 Myrrham
797 540 983 592 impedit,
1016 539 1232 593 quominus
1262 539 1454 592 laqueum
1486 538 1564 580 sibi
1585 538 1770 580 innectat

240 617 277 647 v,
311 607 391 647 382
424 619 483 659 sq.
544 606 682 659 Atque
713 606 756 646 in
788 606 962 659 utroque
994 607 1178 659 poemate
1210 605 1347 646 nutrix
1378 605 1523 646 deinde
1557 618 1602 646 ex
1634 605 1770 658 puella

241 686 383 715 causas
428 675 536 715 tabis
586 674 863 726 percontando
910 675 1142 727 exsculpere
1185 675 1356 716 conatur
1401 674 1440 715 et
1478 673 1519 713 in
1561 672 1768 726 proposito

241 741 398 793 perstat
442 740 538 790 (Cir.
585 741 666 781 234
696 753 754 794 sq.
807 741 889 782 254
918 753 991 794 sq„
1051 741 1123 783 Ov.
1160 742 1237 782 391
1272 754 1331 794 sq.
1379 741 1460 781 394
1492 753 1551 793 sq.
1597 739 1677 780 405
1708 751 1767 792 sq.

239 807 321 847 412
338 805 430 860 sq).
477 807 619 860 Neque
650 819 742 848 vero
774 807 989 849 altercatio
1015 807 1058 848 in
1091 807 1174 849 Ciri
1206 808 1293 849 tam
1325 807 1545 849 artificiose
1574 806 1769 848 instituta

240 878 313 928 est,
359 886 483 927 quam
514 874 622 926 apud
654 873 872 925 Ovidium3
923 875 1061 916 nutrix
1108 875 1194 915 illic
1243 875 1387 916 statim
1435 874 1483 915 de
1528 886 1665 915 amore
1710 874 1771 915 lo-

241 941 382 995 quitur
412 940 466 995 (v.
499 942 593 982 237.
628 940 737 994 241),
784 942 849 983 hic
880 942 1019 995 postea
1051 942 1215 983 demum
1245 942 1328 983 tale
1374 941 1471 995 quid
1514 941 1772 994 persentiscit

241 1022 278 1050 v.
312 1009 405 1051 408.
467 1008 645 1063 Scyllam
686 1010 823 1051 autem
862 1010 908 1050 ut
941 1009 1152 1063 Myrrham
1197 1009 1328 1063 primo
1372 1009 1590 1050 obticuisse
1632 1007 1773 1062 arguit

241 1088 276 1116 v.
310 1076 411 1124 2543
459 1075 711 1117 nutriculam
751 1076 896 1117 deinde
941 1077 1189 1128 obsecratur,
1237 1089 1286 1117 ne
1324 1089 1365 1117 se
1409 1075 1652 1129 inquirendo
1690 1076 1771 1116 tor-

243 1143 366 1197 queat
413 1156 449 1184 v.
494 1143 594 1193 257,
643 1142 781 1196 qualia
824 1143 935 1184 Naso
975 1144 1188 1196 Myrrham
1235 1143 1531 1185 exclamantem
1565 1142 1687 1196 fingit
1733 1155 1771 1184 v.

242 1211 321 1251 411
356 1222 414 1263 sq.
477 1210 614 1263 Atque
650 1210 777 1251 simili
813 1210 880 1251 via
919 1223 965 1252 ac
1002 1210 1174 1264 ratione,
1226 1222 1307 1264 qua
1349 1210 1422 1251 illa
1465 1210 1545 1251 huc
1588 1209 1688 1250 illuc
1731 1221 1773 1250 se

244 1277 369 1318 vertit
419 1301 463 1306 -—
512 1290 607 1318 nam
645 1277 799 1319 frustra
837 1278 1160 1319 circumvehitur
1197 1278 1333 1319 omnia
1372 1277 1518 1331 verbis,
1563 1278 1610 1318 ut
1653 1276 1772 1329 poeta

242 1343 346 1384 dicit
376 1356 412 1386 v.
431 1343 524 1392 271,
555 1344 777 1397 antequam
809 1344 1010 1385 incestum
1043 1345 1226 1386 fateatur
1261 1368 1306 1374 —
1342 1345 1380 1386 et
1411 1344 1615 1397 postremo
1646 1343 1773 1384 fatale

242 1410 394 1451 Minois
426 1422 572 1451 nomen
603 1411 751 1463 proicit
782 1424 818 1453 v.
850 1412 944 1465 272,
992 1411 1218 1454 Ovidianae
1259 1412 1447 1453 heroinae
1483 1411 1645 1452 sceleris
1680 1422 1774 1451 con-

243 1477 363 1519 fessio
403 1478 666 1531 extorquetur
706 1492 740 1520 v.
773 1479 854 1519 419
885 1492 944 1532 sq.
1011 1479 1180 1532 Utrique
1220 1480 1358 1521 autem
1403 1479 1675 1521 constitutum
1712 1477 1774 1518 est

244 1545 362 1598 mori,
393 1544 425 1585 si
459 1557 597 1586 amore
629 1558 708 1586 non
734 1546 919 1599 potiatur
940 1546 1032 1598 (Ov.
1055 1547 1148 1597 428,
1182 1546 1262 1589 Cir.
1285 1548 1364 1588 276
1386 1548 1482 1600 sq.);
1513 1559 1608 1588 nam
1633 1545 1773 1600 Scylla

244 1624 416 1666 quoque,
451 1625 554 1665 quae
585 1613 762 1665 primum
796 1625 831 1655 v.
856 1614 934 1655 267
970 1613 1169 1655 moriendi
1201 1614 1455 1667 propositum
1486 1613 1635 1667 tangit,
1667 1613 1774 1653 inter

243 1678 442 1720 moriendi
489 1680 528 1720 et
573 1680 736 1721 sceleris
782 1680 1019 1734 perficiendi
1058 1682 1228 1723 consilia
1268 1682 1434 1723 nutasse
1471 1680 1646 1731 videtur,
1695 1692 1773 1733 quo

243 1746 429 1798 spectant
462 1759 497 1787 v.
531 1747 612 1788 280
646 1760 704 1800 sq.
767 1748 995 1801 Utrobique
1034 1749 1192 1802 puellae
1228 1749 1379 1790 amoris
1426 1748 1577 1789 indicio
1623 1747 1775 1788 nutrici

243 1813 385 1867 ingens
414 1816 544 1856 terror
584 1815 786 1857 incutitur
833 1815 932 1868 (Cir.
965 1818 1045 1857 283
1077 1830 1149 1870 sq,
1183 1815 1255 1857 Ov.
1288 1816 1370 1856 423
1401 1814 1489 1868 sq).
1549 1814 1629 1856 Sed
1662 1814 1775 1865 Myr-

244 1881 341 1922 rhae
373 1881 510 1922 nutrix
543 1882 674 1924 multa
706 1883 926 1936 protulisse
957 1883 1122 1932 dicitur,
1153 1884 1200 1924 ut
1221 1883 1331 1925 diros
1362 1894 1520 1924 amores
1545 1880 1776 1935 compescat

244 1961 280 1990 v.
312 1949 412 1997 4263
459 1950 601 1991 contra
635 1950 796 2004 Scyllae
841 1951 948 1992 clare
991 1951 1233 2005 pronuntiat
1277 1963 1317 1991 se
1348 1963 1371 1992 a
1406 1949 1481 1991 tali
1521 1949 1672 1991 conatu
1708 1948 1773 1989 de-

244 2015 386 2057 sistere
417 2030 451 2058 v.
484 2018 565 2058 328
597 2019 723 2071 atque
754 2019 829 2060 hoc
862 2031 990 2060 unum
1022 2019 1156 2072 rogat,
1205 2031 1253 2060 ne
1284 2018 1356 2060 illa
1398 2016 1698 2059 inconsiderate
1730 2016 1774 2057 in

242 2084 459 2125 interitum
495 2098 535 2126 se
566 2086 808 2139 praecipitet
854 2099 890 2128 v.
932 2088 1025 2128 327.
1085 2087 1176 2128 Hoc
1218 2086 1408 2128 videlicet
1451 2085 1534 2128 iam
1573 2085 1685 2138 cogit
1715 2083 1774 2125 di-

245 2164 384 2193 versae
436 2153 633 2195 materiae
681 2155 831 2196 natura
847 2156 870 2196 ¹.
919 2179 973 2183 —
1018 2155 1205 2209 Denique
1250 2167 1298 2196 ne
1340 2153 1622 2196 testimonium
1656 2152 1774 2203 desit,

245 2218 352 2272 quod
385 2220 548 2261 nostrae
580 2221 838 2263 coniecturae
869 2221 989 2263 fidem
1022 2224 1213 2276 praestet,
1259 2223 1310 2264 ab
1346 2222 1433 2275 ipso
1465 2220 1570 2263 Ciris
1610 2221 1776 2262 auctore

244 2287 453 2339 provisum
485 2289 558 2338 est,
592 2300 682 2329 cum
715 2289 918 2330 nutricem
949 2289 997 2330 de
1028 2289 1116 2330 diro
1149 2290 1296 2340 furore,
1330 2289 1400 2343 qui
1427 2289 1587 2342 puellae
1616 2287 1775 2340 incidit,

244 2353 411 2395 dubiam
444 2355 742 2396 exclamantem
771 2356 933 2397 induxit
965 2369 1000 2397 v.
1034 2357 1113 2397 237
1145 2370 1227 2410 sq:

378 2421 413 2462 ei
442 2422 555 2472 mibi,
589 2435 636 2464 ne
668 2423 781 2464 furor
811 2423 882 2464 ille
912 2424 1005 2465 tuos
1035 2424 1234 2466 invaserit
1265 2426 1392 2477 artus,

378 2488 459 2538 ille,
493 2489 655 2550 Arabae
687 2490 878 2544 Myrrhae
909 2491 1119 2544 quondam
1151 2491 1219 2544 qui
1252 2492 1358 2544 cepit
1387 2491 1548 2541 ocellos,

383 2601 392 2620 ¹
421 2601 587 2636 Levioris
614 2603 790 2646 ponderis
818 2606 882 2643 est,
922 2604 1019 2648 quod
1046 2605 1179 2648 puellis
1206 2603 1395 2649 ‘demptae
1422 2604 1544 2638 subita
1579 2603 1616 2637 in
1649 2602 1775 2637 formi-

246 2659 331 2693 dine
357 2657 470 2694 vires’
506 2661 725 2695 sceleratum
752 2663 984 2706 propositum
1011 2664 1218 2707 peracturis
1245 2664 1331 2703 (Cir.
1353 2665 1433 2707 214,
1461 2662 1525 2697 Ov.
1545 2663 1614 2697 456
1630 2662 1711 2706 sq.).
1733 2681 1772 2685 —

247 2719 440 2753 Praeverti
468 2723 591 2753 autem
621 2721 712 2755 libet
739 2722 785 2756 ad
811 2734 1008 2766 procorum
1037 2723 1180 2767 copiam
1207 2724 1292 2768 (Cir.
1321 2726 1401 2767 412,
1430 2723 1495 2758 Ov.
1523 2723 1608 2766 356)
1634 2724 1670 2756 et
1690 2721 1774 2755 Ale-

247 2779 468 2813 xandrinam
494 2783 625 2823 poetae
658 2781 754 2815 circa
789 2782 991 2816 minutulas
1025 2795 1082 2817 res
1114 2783 1502 2817 commemorationem
1540 2780 1774 2825 depingentis

247 2850 336 2872 anus
364 2838 567 2872 sollertiam
586 2839 674 2883 (Cir.
692 2840 784 2884 251),
814 2852 907 2884 quae
933 2841 1079 2885 puellae
1106 2846 1244 2876 vestem
1264 2842 1387 2885 inicit,
1416 2852 1526 2885 quam
1541 2840 1773 2874 Antoninum

248 2908 394 2941 quoque
421 2897 493 2931 alio
526 2898 674 2941 quidem
702 2910 810 2933 sensu
837 2900 1001 2934 indicare
1028 2900 1188 2934 vidimus
1218 2900 1275 2944 (cf.
1304 2912 1416 2944 supra
1443 2912 1477 2944 p.
1505 2900 1574 2943 81).
