1912 3310
1010 185 1051 218 12

270 296 406 337 avolet
436 297 714 350 evageturque
744 310 781 338 v.
814 298 894 339 732
926 298 1027 350 sq.¹.
1094 296 1141 337 Id
1173 296 1336 349 quidem
1376 298 1483 350 quod
1515 298 1710 340 Deianira
1741 298 1795 341 ad

268 363 442 404 mortem
479 363 736 416 proficiscens
768 378 860 406 aras
891 365 933 405 in
962 364 1149 405 futurum
1182 363 1545 418 debitajreligione
1575 365 1795 408 destitutas

269 429 525 482 comploratu
556 431 644 471 adit
675 444 712 472 v.
736 432 815 472 904
848 444 920 485 sq.,
951 431 1202 484 Hippolytus
1232 432 1371 472 autem
1402 432 1587 485 queritur
1615 446 1657 473 se
1686 445 1796 474 mor-

266 497 337 538 tuo
368 490 627 549 ἀγαλμάτων
657 494 826 552 φύλακα
852 511 889 538 v.
914 498 1020 538 1399
1052 497 1291 538 defuturum
1326 510 1411 539 esse
1442 498 1510 547 (cf.
1529 512 1566 540 v.
1587 500 1694 541 1138
1715 501 1794 553 sq.)

267 587 320 592 —-
350 564 453 606 talia
484 564 518 605 si
549 565 640 617 quis
672 565 783 606 casui
823 564 1039 605 tribuenda
1085 577 1168 606 esse
1211 565 1477 617 pertinaciter
1508 567 1674 616 asserit,
1719 578 1793 620 ego

267 643 362 672 sane
398 631 626 683 praefracte
659 631 860 684 refragari
891 644 1057 684 nequeo.
1117 632 1173 672 At
1218 632 1436 673 manifesto
1480 632 1795 686 deprehenditur

268 697 482 750 Euripides
513 698 725 750 Sophoclis
757 698 942 752 vestigiis
972 699 1164 739 insistens
1195 698 1238 739 in
1282 711 1328 741 ea
1371 711 1517 741 scaena
1548 700 1794 750 exornanda,

266 765 337 806 ubi
370 765 507 805 nutrix
538 765 748 806 Phaedrae
778 765 942 806 foedum
973 778 1152 806 amorem
1185 766 1317 807 fassae
1344 766 1629 820 moriendique
1661 768 1795 809 consi-

266 833 367 873 lium
400 832 545 873 effatae
577 832 816 885 persuadere
849 834 1022 874 conatur
1052 845 1088 873 v.
1121 833 1202 873 439
1235 845 1312 886 sq:
1345 833 1447 874 nihil
1478 833 1649 885 insoliti,
1685 835 1794 888 quod

266 901 388 950 amet,
419 899 481 940 illi
512 899 728 948 accidisse3
762 900 905 941 Amori
932 912 1070 941 omnes
1101 900 1284 941 homines
1316 901 1491 954 deosque
1513 901 1652 943 cedere
1675 914 1794 954 opor-

265 969 367 1019 tere,
406 981 566 1021 quoque
598 967 732 1008 acrius
763 967 1040 1020 impugnetur,
1081 979 1125 1008 eo
1157 967 1343 1008 acerbius
1383 968 1500 1009 deum
1534 980 1660 1009 urere.
1696 969 1794 1010 Noli

266 1035 374 1076 hunc
416 1036 551 1077 locum
598 1047 855 1076 communem
901 1047 985 1076 esse
1021 1035 1468 1088 obicere,priusqua1n
1509 1035 1674 1086 similia,
1714 1049 1795 1077 non

266 1103 356 1144 dico
386 1103 428 1143 in
458 1103 584 1143 simili
616 1103 929 1144 Trachiniarum
966 1115 1123 1152 scaena,
1171 1103 1239 1144 sed
1280 1103 1323 1144 in
1366 1103 1493 1144 simili
1533 1116 1669 1144 rerum
1701 1116 1794 1145 con-

267 1182 399 1219 cursu,
433 1170 541 1223 quod
572 1183 711 1211 rursus
746 1170 921 1212 maxime
952 1182 1102 1223 premo,
1135 1182 1343 1211 occurrere
1374 1170 1626 1223 cognoveris.
1684 1170 1792 1213 Nam

267 1247 358 1275 cum
378 1235 523 1277 Lichas
542 1237 644 1278 Ioles
671 1248 863 1287 amorem,
897 1250 976 1290 quo
1008 1237 1204 1278 Hercules
1233 1237 1451 1291 flagrabat,
1483 1238 1794 1288 dissimulasset,

264 1302 463 1344 Deianira
501 1303 644 1345 nuntio
690 1304 855 1344 interim
903 1304 1044 1345 audito
1095 1317 1140 1345 ea
1178 1304 1338 1346 ratione
1377 1305 1567 1357 praeconi
1598 1317 1795 1358 angorem

267 1369 418 1442 eripere
458 1382 630 1423 eumque
670 1370 720 1411 ad
757 1371 928 1412 liberam
962 1371 1256 1412 confessionem
1287 1371 1486 1413 adducere
1519 1372 1707 1425 conatur,
1748 1373 1795 1412 ut

264 1435 307 1476 in
339 1437 574 1478 uniieisum
620 1438 815 1490 disput,et
859 1438 963 1479 nihil
1011 1439 1187 1479 vetitum
1233 1439 1502 1489 committere,
1549 1438 1619 1492 qui
1663 1438 1794 1480 amori

265 1515 416 1545 morem
448 1506 567 1559 gerat
597 1519 634 1547 v.
665 1508 743 1547 441
777 1520 860 1560 sq.:

453 1565 612 1627 Έρωτι
642 1590 692 1628 με
676 1573 720 1614 έν
750 1590 822 1615 νυν
854 1571 972 1624 ὅστις
1004 1573 1303 1616 ἀνταιίσταται

464 1637 628 1696 πίκῖις
659 1637 783 1691 ὅπως
814 1641 856 1691 ἐς
882 1645 1040 1695 χεῖρας,
1073 1658 1122 1683 οι
1157 1642 1296 1692 καλῶς
1327 1645 1494 1698 φρονεῖ·

464 1724 590 1758 οιῖος
619 1706 696 1762 γὰρ
727 1703 845 1762 ἄρχει
878 1710 946 1751 καὶ
978 1710 1100 1751 θεῶν
1132 1707 1254 1760 ὁπως
1288 1714 1338 1751 &e
1334 1709 1406 1751 ’)ει
1438 1709 1525 1751 κτλ.

265 1775 480 1829 Euripides
510 1777 570 1818 ita
601 1790 637 1819 V.
669 1778 750 1819 443
782 1791 859 1831 sq:

463 1839 636 1897 Κίπρις
666 1844 743 1898 γάρ
776 1841 831 1887 ου’
861 1846 1066 1902 ([ορντός,
1098 1841 1148 1903 ἢι
1178 1842 1318 1902 πολλὴ
1351 1845 1440 1902 ῥιῇ·

465 1927 484 1964 r
517 1909 590 1951 τόι
621 1912 698 1964 μὲν
732 1908 897 1954 ει’κοι3’
931 1910 1063 1971 ἡσϊχῇ
1092 1929 1192 1967 ,neve
1188 1929 1354 1966 ρχεται,

464 1993 514 2019 ον
545 1977 581 2019 δ’
614 1974 667 2020 ἂι
698 1978 909 2032 περισσὸν
939 1997 1008 2022 και
1040 1981 1279 2037 (mmai-iffi
1313 1977 1415 2037 εἶ’ρῃ
1445 1978 1564 2034 μέγα,

462 2046 618 2087 τοῦτον
646 2046 849 2099 λαβοῦσα,
881 2049 979 2098 πῶς
1009 2049 1177 2098 ὄοκεῖς,·
1204 2044 1480 2101 καθύβρισεν.

263 2112 344 2153 Pro
362 2125 548 2155 concesso
570 2114 712 2164 habeo,
736 2116 922 2168 Euripidi
953 2117 1052 2158 haec
1082 2117 1277 2158 scribenti
1298 2112 1555 2158 obversatam
1577 2127 1662 2157 esse
1678 2114 1792 2156 illam

263 2178 490 2233 imaginem
520 2180 568 2222 de
598 2183 750 2223 Amore
781 2183 935 2237 pugile,
968 2197 1088 2237 quam
1121 2197 1266 2237 parum
1298 2183 1472 2224 feliciter
1502 2182 1543 2223 in
1579 2182 1794 2233 Venerem,

264 2247 430 2288 mollem
475 2248 614 2299 deam,
661 2262 764 2302 quae
811 2252 1044 2304 correptum
1091 2250 1371 2292 adversarium
1422 2250 1578 2291 duriter
1627 2250 1793 2300 tractet,

263 2313 493 2356 transtulit.
547 2340 596 2345 —
635 2317 778 2370 Neque
825 2319 1160 2359 commemoratio
1211 2318 1391 2367 deorum,
1445 2328 1545 2371 quos
1578 2316 1798 2370 Sophocles

264 2381 387 2422 testes
419 2382 570 2423 excitat
601 2382 654 2436 (v,
674 2384 754 2425 443
773 2384 821 2425 cf.
846 2397 883 2425 v.
906 2385 987 2426 498
1018 2383 1110 2438 sq.)‚
1147 2384 1255 2438 apud
1286 2384 1462 2425 alterum
1494 2384 1605 2425 deest
1634 2383 1688 2438 (v.
1712 2384 1794 2424 453

265 2460 337 2502 sq.,
370 2448 419 2490 cf.
453 2462 489 2490 v.
523 2451 603 2491 555
631 2451 723 2503 sq.).
782 2451 830 2492 Id
849 2451 1026 2505 quidem,
1059 2452 1167 2505 quod
1198 2452 1264 2493 hic
1295 2464 1410 2493 amor
1441 2450 1569 2500 νόσος
1598 2451 1651 2492 ab
1681 2451 1794 2492 utro-

264 2528 342 2570 que
382 2518 656 2571 nuncupatur,
698 2530 780 2559 non
817 2519 957 2572 magni
997 2519 1126 2573 pendo
1165 2519 1223 2571 (S.
1256 2519 1351 2569 445,
1387 2519 1433 2560 E.
1474 2519 1539 2560 40.
1576 2518 1669 2559 269.
1702 2517 1794 2559 279.

402 2691 411 2710 ¹
438 2692 557 2727 Huius
585 2693 838 2728 similitudinis
866 2695 1009 2739 pondus
1035 2707 1108 2729 non
1137 2706 1178 2729 eo
1205 2694 1457 2738 imminuitur,
1489 2693 1589 2738 quod
1614 2702 1794 2737 personae

271 2751 436 2797 tragicae
474 2763 547 2786 non
588 2752 785 2787 admodum
823 2765 906 2788 raro
948 2754 1039 2788 talia
1077 2757 1266 2798 exoptant.
1319 2753 1372 2788 Cf.
1400 2753 1509 2797 Soph.
1535 2752 1594 2786 Ai.
1623 2751 1713 2785 1192
1741 2762 1794 2794 sq.

281 2809 431 2844 Oenom.
459 2810 529 2856 srg.
558 2811 635 2844 432.
661 2810 750 2845 Eur.
776 2812 891 2846 Andr.
921 2813 999 2848 862.
1026 2812 1101 2848 Ion.
1129 2814 1208 2848 796.
1259 2812 1329 2849 Sed
1357 2812 1488 2848 chorus
1515 2811 1626 2847 semel
1650 2812 1796 2844 tantum

267 2869 365 2915 apud
390 2869 610 2916 Euripidem
635 2869 715 2905 Hel.
746 2871 836 2905 1478
862 2882 913 2917 sq.
1687 2861 1689 2863 ¹
