<?xml version="1.0" encoding="UTF-8"?>
<!DOCTYPE html PUBLIC "-//W3C//DTD XHTML 1.0 Transitional//EN"
    "http://www.w3.org/TR/xhtml1/DTD/xhtml1-transitional.dtd">
<html xmlns="http://www.w3.org/1999/xhtml" xml:lang="en" lang="en">
 <head>
  <title>
</title>
<meta http-equiv="Content-Type" content="text/html;charset=utf-8" />
  <meta name='ocr-system' content='tesseract 3.04.00' />
  <meta name='ocr-capabilities' content='ocr_page ocr_carea ocr_par ocr_line ocrx_word'/>
</head>
<body>
  <div class='ocr_page' id='page_1' title='image "./dehippolytiseuri00kalkuoft_0024.png"; bbox 0 0 1912 3310; ppageno 0'>
   <div class='ocr_carea' id='block_1_1' title="bbox 1002 185 1047 219">
    <p class='ocr_par' dir='ltr' id='par_1_1' title="bbox 1002 185 1047 219">
     <span class='ocr_line' id='line_1_1' title="bbox 1002 185 1047 219; baseline 0.044 -2"><span class='ocrx_word' id='word_1_1' title='bbox 1002 185 1047 219; x_wconf 88' lang='lat'>20</span> 
     </span>
    </p>
   </div>
   <div class='ocr_carea' id='block_1_2' title="bbox 248 295 1783 1963">
    <p class='ocr_par' dir='ltr' id='par_1_2' title="bbox 252 295 1783 1084">
     <span class='ocr_line' id='line_1_2' title="bbox 258 295 1783 352; baseline 0.003 -17"><span class='ocrx_word' id='word_1_2' title='bbox 258 295 447 347; x_wconf 85' lang='lat' dir='ltr'>privigno</span> <span class='ocrx_word' id='word_1_3' title='bbox 482 308 561 336; x_wconf 91' lang='lat' dir='ltr'>non</span> <span class='ocrx_word' id='word_1_4' title='bbox 594 296 782 337; x_wconf 87' lang='lat' dir='ltr'>nocitura</span> <span class='ocrx_word' id='word_1_5' title='bbox 813 297 910 346; x_wconf 88' lang='lat' dir='ltr'>suo&#39;,</span> <span class='ocrx_word' id='word_1_6' title='bbox 957 309 1076 350; x_wconf 91' lang='lat' dir='ltr'>quem</span> <span class='ocrx_word' id='word_1_7' title='bbox 1106 297 1189 337; x_wconf 89' lang='lat' dir='ltr'>iam</span> <span class='ocrx_word' id='word_1_8' title='bbox 1221 296 1388 347; x_wconf 89' lang='lat' dir='ltr'>dudum,</span> <span class='ocrx_word' id='word_1_9' title='bbox 1434 297 1504 350; x_wconf 87' lang='lat' dir='ltr'>qui</span> <span class='ocrx_word' id='word_1_10' title='bbox 1541 298 1620 339; x_wconf 91' lang='lat' dir='ltr'>huc</span> <span class='ocrx_word' id='word_1_11' title='bbox 1656 311 1783 352; x_wconf 87' lang='lat' dir='ltr'>usque</span> 
     </span>
     <span class='ocr_line' id='line_1_3' title="bbox 254 362 1780 418; baseline 0.004 -17"><span class='ocrx_word' id='word_1_12' title='bbox 254 374 318 402; x_wconf 92' lang='lat' dir='ltr'>me</span> <span class='ocrx_word' id='word_1_13' title='bbox 358 362 487 402; x_wconf 88' lang='lat' dir='ltr'>secuti</span> <span class='ocrx_word' id='word_1_14' title='bbox 526 364 633 413; x_wconf 89' lang='lat' dir='ltr'>sunt,</span> <span class='ocrx_word' id='word_1_15' title='bbox 682 363 783 404; x_wconf 89' lang='lat' dir='ltr'>mihi</span> <span class='ocrx_word' id='word_1_16' title='bbox 825 364 1045 405; x_wconf 88' lang='lat' dir='ltr'>obicientes</span> <span class='ocrx_word' id='word_1_17' title='bbox 1090 363 1224 404; x_wconf 90' lang='lat' dir='ltr'>audio.</span> <span class='ocrx_word' id='word_1_18' title='bbox 1284 364 1457 406; x_wconf 86' lang='lat' dir='ltr'>Adscita</span> <span class='ocrx_word' id='word_1_19' title='bbox 1496 365 1585 418; x_wconf 90' lang='lat' dir='ltr'>ipsa</span> <span class='ocrx_word' id='word_1_20' title='bbox 1626 367 1780 416; x_wconf 87' lang='lat' dir='ltr'>nostra,</span> 
     </span>
     <span class='ocr_line' id='line_1_4' title="bbox 254 427 1780 485; baseline 0.004 -17"><span class='ocrx_word' id='word_1_21' title='bbox 254 427 302 469; x_wconf 89' lang='lat' dir='ltr'>de</span> <span class='ocrx_word' id='word_1_22' title='bbox 334 441 414 481; x_wconf 89' lang='lat' dir='ltr'>qua</span> <span class='ocrx_word' id='word_1_23' title='bbox 445 430 630 482; x_wconf 76' lang='lat' dir='ltr'>quaestio</span> <span class='ocrx_word' id='word_1_24' title='bbox 662 432 736 480; x_wconf 85' lang='lat' dir='ltr'>est,</span> <span class='ocrx_word' id='word_1_25' title='bbox 785 429 1011 472; x_wconf 84' lang='lat' dir='ltr'>Coroniferi</span> <span class='ocrx_word' id='word_1_26' title='bbox 1055 444 1201 472; x_wconf 77' lang='lat' dir='ltr'>scaena</span> <span class='ocrx_word' id='word_1_27' title='bbox 1249 430 1475 472; x_wconf 88' lang='lat' dir='ltr'>difficultas</span> <span class='ocrx_word' id='word_1_28' title='bbox 1520 433 1780 485; x_wconf 87' lang='lat' dir='ltr'>aliquatenus</span> 
     </span>
     <span class='ocr_line' id='line_1_5' title="bbox 254 497 1781 552; baseline 0.003 -16"><span class='ocrx_word' id='word_1_29' title='bbox 254 497 361 537; x_wconf 87' lang='lat' dir='ltr'>certe</span> <span class='ocrx_word' id='word_1_30' title='bbox 401 497 623 549; x_wconf 71' lang='lat' dir='ltr'>expeditur.</span> <span class='ocrx_word' id='word_1_31' title='bbox 698 497 807 538; x_wconf 91' lang='lat' dir='ltr'>Nam</span> <span class='ocrx_word' id='word_1_32' title='bbox 845 497 1030 539; x_wconf 85' lang='lat' dir='ltr'>Phaedra</span> <span class='ocrx_word' id='word_1_33' title='bbox 1076 511 1121 539; x_wconf 90' lang='lat' dir='ltr'>ea</span> <span class='ocrx_word' id='word_1_34' title='bbox 1161 498 1325 539; x_wconf 87' lang='lat' dir='ltr'>tantum</span> <span class='ocrx_word' id='word_1_35' title='bbox 1372 498 1579 552; x_wconf 75' lang='lat' dir='ltr'>intellegit</span> <span class='ocrx_word' id='word_1_36' title='bbox 1622 500 1781 552; x_wconf 88' lang='lat' dir='ltr'>pocula,</span> 
     </span>
     <span class='ocr_line' id='line_1_6' title="bbox 254 562 1783 618; baseline 0.003 -16"><span class='ocrx_word' id='word_1_37' title='bbox 254 562 400 614; x_wconf 89' lang='lat' dir='ltr'>quibus</span> <span class='ocrx_word' id='word_1_38' title='bbox 423 564 611 616; x_wconf 84' lang='lat' dir='ltr'>privigno</span> <span class='ocrx_word' id='word_1_39' title='bbox 636 576 715 604; x_wconf 89' lang='lat' dir='ltr'>non</span> <span class='ocrx_word' id='word_1_40' title='bbox 744 577 898 614; x_wconf 86' lang='lat' dir='ltr'>nocere,</span> <span class='ocrx_word' id='word_1_41' title='bbox 931 565 1000 605; x_wconf 89' lang='lat' dir='ltr'>sed</span> <span class='ocrx_word' id='word_1_42' title='bbox 1031 565 1108 606; x_wconf 85' lang='lat' dir='ltr'>sibi</span> <span class='ocrx_word' id='word_1_43' title='bbox 1138 565 1291 606; x_wconf 85' lang='lat' dir='ltr'>mederi</span> <span class='ocrx_word' id='word_1_44' title='bbox 1321 565 1439 618; x_wconf 80' lang='lat' dir='ltr'>velit:</span> <span class='ocrx_word' id='word_1_45' title='bbox 1472 567 1614 607; x_wconf 90' lang='lat' dir='ltr'>contra</span> <span class='ocrx_word' id='word_1_46' title='bbox 1645 567 1783 607; x_wconf 80' lang='lat' dir='ltr'>nutrix</span> 
     </span>
     <span class='ocr_line' id='line_1_7' title="bbox 254 630 1782 687; baseline 0.003 -18"><span class='ocrx_word' id='word_1_47' title='bbox 254 641 395 670; x_wconf 89' lang='lat' dir='ltr'>nocere</span> <span class='ocrx_word' id='word_1_48' title='bbox 423 630 525 671; x_wconf 88' lang='lat' dir='ltr'>vult.</span> <span class='ocrx_word' id='word_1_49' title='bbox 568 630 646 672; x_wconf 86' lang='lat' dir='ltr'>Sed</span> <span class='ocrx_word' id='word_1_50' title='bbox 669 631 814 682; x_wconf 88' lang='lat' dir='ltr'>pocula</span> <span class='ocrx_word' id='word_1_51' title='bbox 835 631 923 683; x_wconf 86' lang='lat' dir='ltr'>ipsa</span> <span class='ocrx_word' id='word_1_52' title='bbox 953 631 996 672; x_wconf 92' lang='lat' dir='ltr'>in</span> <span class='ocrx_word' id='word_1_53' title='bbox 1023 632 1238 684; x_wconf 79' lang='lat' dir='ltr'>tragoedia</span> <span class='ocrx_word' id='word_1_54' title='bbox 1259 632 1582 684; x_wconf 87' lang='lat' dir='ltr'>praetenduntur</span> <span class='ocrx_word' id='word_1_55' title='bbox 1603 633 1782 687; x_wconf 89' lang='lat' dir='ltr'>tantum,</span> 
     </span>
     <span class='ocr_line' id='line_1_8' title="bbox 252 696 1780 752; baseline 0.003 -16"><span class='ocrx_word' id='word_1_56' title='bbox 252 708 330 737; x_wconf 90' lang='lat' dir='ltr'>non</span> <span class='ocrx_word' id='word_1_57' title='bbox 356 696 597 745; x_wconf 85' lang='lat' dir='ltr'>miscentur;</span> <span class='ocrx_word' id='word_1_58' title='bbox 628 697 769 750; x_wconf 89' lang='lat' dir='ltr'>itaque</span> <span class='ocrx_word' id='word_1_59' title='bbox 799 698 945 748; x_wconf 83' lang='lat' dir='ltr'>nescio,</span> <span class='ocrx_word' id='word_1_60' title='bbox 976 698 1087 739; x_wconf 85' lang='lat' dir='ltr'>auin</span> <span class='ocrx_word' id='word_1_61' title='bbox 1110 698 1386 740; x_wconf 83' lang='lat' dir='ltr'>Alexandrino</span> <span class='ocrx_word' id='word_1_62' title='bbox 1418 699 1556 752; x_wconf 88' lang='lat' dir='ltr'>aliquo</span> <span class='ocrx_word' id='word_1_63' title='bbox 1589 700 1780 750; x_wconf 77' lang='lat' dir='ltr'>carmine,</span> 
     </span>
     <span class='ocr_line' id='line_1_9' title="bbox 252 762 1783 818; baseline 0.005 -16"><span class='ocrx_word' id='word_1_64' title='bbox 252 762 304 803; x_wconf 88' lang='lat' dir='ltr'>ad</span> <span class='ocrx_word' id='word_1_65' title='bbox 339 763 446 815; x_wconf 89' lang='lat' dir='ltr'>quod</span> <span class='ocrx_word' id='word_1_66' title='bbox 477 764 700 805; x_wconf 80' lang='lat' dir='ltr'>identidem</span> <span class='ocrx_word' id='word_1_67' title='bbox 732 767 872 818; x_wconf 89' lang='lat' dir='ltr'>postea</span> <span class='ocrx_word' id='word_1_68' title='bbox 894 778 1112 817; x_wconf 80' lang='lat' dir='ltr'>recurram,</span> <span class='ocrx_word' id='word_1_69' title='bbox 1145 767 1220 807; x_wconf 91' lang='lat' dir='ltr'>hoc</span> <span class='ocrx_word' id='word_1_70' title='bbox 1252 767 1506 808; x_wconf 85' lang='lat' dir='ltr'>contrarium</span> <span class='ocrx_word' id='word_1_71' title='bbox 1538 767 1663 808; x_wconf 90' lang='lat' dir='ltr'>etiam</span> <span class='ocrx_word' id='word_1_72' title='bbox 1693 780 1783 809; x_wconf 90' lang='lat' dir='ltr'>am-</span> 
     </span>
     <span class='ocr_line' id='line_1_10' title="bbox 252 830 1782 887; baseline 0.004 -17"><span class='ocrx_word' id='word_1_73' title='bbox 252 830 358 882; x_wconf 88' lang='lat' dir='ltr'>plius</span> <span class='ocrx_word' id='word_1_74' title='bbox 390 831 449 871; x_wconf 88' lang='lat' dir='ltr'>ita</span> <span class='ocrx_word' id='word_1_75' title='bbox 481 833 720 872; x_wconf 76' lang='lat' dir='ltr'>exornatum</span> <span class='ocrx_word' id='word_1_76' title='bbox 752 832 890 881; x_wconf 82' lang='lat' dir='ltr'>fuerit,</span> <span class='ocrx_word' id='word_1_77' title='bbox 939 834 985 873; x_wconf 91' lang='lat' dir='ltr'>ut</span> <span class='ocrx_word' id='word_1_78' title='bbox 1016 834 1153 874; x_wconf 79' lang='lat' dir='ltr'>nutrix</span> <span class='ocrx_word' id='word_1_79' title='bbox 1189 846 1231 874; x_wconf 90' lang='lat' dir='ltr'>re</span> <span class='ocrx_word' id='word_1_80' title='bbox 1262 846 1355 875; x_wconf 87' lang='lat' dir='ltr'>vera</span> <span class='ocrx_word' id='word_1_81' title='bbox 1388 834 1597 876; x_wconf 82' lang='lat' dir='ltr'>Phaedrae</span> <span class='ocrx_word' id='word_1_82' title='bbox 1636 835 1782 887; x_wconf 85' lang='lat' dir='ltr'>pocula</span> 
     </span>
     <span class='ocr_line' id='line_1_11' title="bbox 252 897 1782 954; baseline 0.003 -17"><span class='ocrx_word' id='word_1_83' title='bbox 252 897 440 939; x_wconf 85' lang='lat' dir='ltr'>misceret</span> <span class='ocrx_word' id='word_1_84' title='bbox 462 899 513 940; x_wconf 87' lang='lat' dir='ltr'>ad</span> <span class='ocrx_word' id='word_1_85' title='bbox 535 898 713 940; x_wconf 84' lang='lat' dir='ltr'>furorem</span> <span class='ocrx_word' id='word_1_86' title='bbox 736 900 973 947; x_wconf 84' lang='lat' dir='ltr'>sedandum,</span> <span class='ocrx_word' id='word_1_87' title='bbox 1007 900 1114 953; x_wconf 86' lang='lat' dir='ltr'>quod</span> <span class='ocrx_word' id='word_1_88' title='bbox 1147 901 1377 954; x_wconf 70' lang='lat' dir='ltr'>simularet,</span> <span class='ocrx_word' id='word_1_89' title='bbox 1412 914 1504 942; x_wconf 89' lang='lat' dir='ltr'>cum</span> <span class='ocrx_word' id='word_1_90' title='bbox 1535 901 1671 954; x_wconf 87' lang='lat' dir='ltr'>potius</span> <span class='ocrx_word' id='word_1_91' title='bbox 1702 901 1782 954; x_wconf 89' lang='lat' dir='ltr'>pri-</span> 
     </span>
     <span class='ocr_line' id='line_1_12' title="bbox 252 965 1781 1022; baseline 0.002 -17"><span class='ocrx_word' id='word_1_92' title='bbox 252 965 426 1017; x_wconf 82' lang='lat' dir='ltr'>vignum</span> <span class='ocrx_word' id='word_1_93' title='bbox 458 966 508 1006; x_wconf 90' lang='lat' dir='ltr'>iis</span> <span class='ocrx_word' id='word_1_94' title='bbox 536 965 714 1007; x_wconf 89' lang='lat' dir='ltr'>delenire</span> <span class='ocrx_word' id='word_1_95' title='bbox 746 966 966 1008; x_wconf 67' lang='lat' dir='ltr'>studeretl.</span> <span class='ocrx_word' id='word_1_96' title='bbox 1019 967 1065 1007; x_wconf 88' lang='lat' dir='ltr'>ln</span> <span class='ocrx_word' id='word_1_97' title='bbox 1082 967 1356 1022; x_wconf 71' lang='lat' dir='ltr'>Hippolytum</span> <span class='ocrx_word' id='word_1_98' title='bbox 1379 968 1571 1009; x_wconf 88' lang='lat' dir='ltr'>Velatum</span> <span class='ocrx_word' id='word_1_99' title='bbox 1595 969 1670 1009; x_wconf 88' lang='lat' dir='ltr'>hoc</span> <span class='ocrx_word' id='word_1_100' title='bbox 1701 981 1781 1010; x_wconf 92' lang='lat' dir='ltr'>non</span> 
     </span>
     <span class='ocr_line' id='line_1_13' title="bbox 255 1032 781 1084; baseline 0.004 -12"><span class='ocrx_word' id='word_1_101' title='bbox 255 1032 457 1084; x_wconf 80' lang='lat' dir='ltr'>quadrare</span> <span class='ocrx_word' id='word_1_102' title='bbox 489 1046 580 1074; x_wconf 85' lang='lat' dir='ltr'>mox</span> <span class='ocrx_word' id='word_1_103' title='bbox 613 1033 781 1075; x_wconf 88' lang='lat' dir='ltr'>videbis.</span> 
     </span>
    </p>

    <p class='ocr_par' dir='ltr' id='par_1_3' title="bbox 248 1099 1783 1963">
     <span class='ocr_line' id='line_1_14' title="bbox 386 1099 1779 1156; baseline 0.002 -15"><span class='ocrx_word' id='word_1_104' title='bbox 386 1099 463 1141; x_wconf 84' lang='lat' dir='ltr'>Sed</span> <span class='ocrx_word' id='word_1_105' title='bbox 495 1101 541 1141; x_wconf 89' lang='lat' dir='ltr'>ut</span> <span class='ocrx_word' id='word_1_106' title='bbox 569 1102 660 1153; x_wconf 85' lang='lat' dir='ltr'>post</span> <span class='ocrx_word' id='word_1_107' title='bbox 698 1102 804 1142; x_wconf 89' lang='lat' dir='ltr'>hanc</span> <span class='ocrx_word' id='word_1_108' title='bbox 842 1101 1134 1155; x_wconf 83' lang='lat' dir='ltr'>digressionem</span> <span class='ocrx_word' id='word_1_109' title='bbox 1181 1103 1232 1144; x_wconf 91' lang='lat' dir='ltr'>ad</span> <span class='ocrx_word' id='word_1_110' title='bbox 1268 1103 1504 1156; x_wconf 85' lang='lat' dir='ltr'>Euripidem</span> <span class='ocrx_word' id='word_1_111' title='bbox 1548 1102 1779 1144; x_wconf 84' lang='lat' dir='ltr'>redeamus:</span> 
     </span>
     <span class='ocr_line' id='line_1_15' title="bbox 252 1166 1782 1222; baseline 0.003 -16"><span class='ocrx_word' id='word_1_112' title='bbox 252 1166 476 1221; x_wconf 77' lang='lat' dir='ltr'>Phaedrae,</span> <span class='ocrx_word' id='word_1_113' title='bbox 511 1180 600 1208; x_wconf 88' lang='lat' dir='ltr'>cum</span> <span class='ocrx_word' id='word_1_114' title='bbox 624 1168 672 1209; x_wconf 92' lang='lat' dir='ltr'>de</span> <span class='ocrx_word' id='word_1_115' title='bbox 703 1169 779 1209; x_wconf 84' lang='lat' dir='ltr'>tali</span> <span class='ocrx_word' id='word_1_116' title='bbox 808 1169 1076 1210; x_wconf 85' lang='lat' dir='ltr'>medicamine</span> <span class='ocrx_word' id='word_1_117' title='bbox 1098 1169 1297 1211; x_wconf 90' lang='lat' dir='ltr'>nutricem</span> <span class='ocrx_word' id='word_1_118' title='bbox 1322 1169 1569 1222; x_wconf 86' lang='lat' dir='ltr'>interpellet,</span> <span class='ocrx_word' id='word_1_119' title='bbox 1603 1183 1647 1211; x_wconf 81' lang='lat' dir='ltr'>ex</span> <span class='ocrx_word' id='word_1_120' title='bbox 1670 1169 1782 1211; x_wconf 90' lang='lat' dir='ltr'>nulla</span> 
     </span>
     <span class='ocr_line' id='line_1_16' title="bbox 256 1235 1783 1289; baseline 0.002 -15"><span class='ocrx_word' id='word_1_121' title='bbox 256 1235 372 1285; x_wconf 88' lang='lat' dir='ltr'>parte</span> <span class='ocrx_word' id='word_1_122' title='bbox 403 1235 488 1275; x_wconf 89' lang='lat' dir='ltr'>eius</span> <span class='ocrx_word' id='word_1_123' title='bbox 519 1235 715 1288; x_wconf 84' lang='lat' dir='ltr'>ambiguo</span> <span class='ocrx_word' id='word_1_124' title='bbox 747 1248 930 1276; x_wconf 87' lang='lat' dir='ltr'>sermone</span> <span class='ocrx_word' id='word_1_125' title='bbox 962 1237 1136 1288; x_wconf 86' lang='lat' dir='ltr'>suspicio</span> <span class='ocrx_word' id='word_1_126' title='bbox 1170 1238 1259 1277; x_wconf 88' lang='lat' dir='ltr'>orta</span> <span class='ocrx_word' id='word_1_127' title='bbox 1292 1249 1376 1278; x_wconf 87' lang='lat' dir='ltr'>esse</span> <span class='ocrx_word' id='word_1_128' title='bbox 1407 1237 1581 1278; x_wconf 84' lang='lat' dir='ltr'>videtur.</span> <span class='ocrx_word' id='word_1_129' title='bbox 1623 1236 1783 1289; x_wconf 82' lang='lat' dir='ltr'>Arripit</span> 
     </span>
     <span class='ocr_line' id='line_1_17' title="bbox 250 1300 1780 1356; baseline 0.002 -15"><span class='ocrx_word' id='word_1_130' title='bbox 250 1300 305 1350; x_wconf 90' lang='lat' dir='ltr'>id,</span> <span class='ocrx_word' id='word_1_131' title='bbox 336 1314 414 1354; x_wconf 90' lang='lat' dir='ltr'>quo</span> <span class='ocrx_word' id='word_1_132' title='bbox 446 1302 523 1342; x_wconf 86' lang='lat' dir='ltr'>sibi</span> <span class='ocrx_word' id='word_1_133' title='bbox 555 1315 626 1343; x_wconf 90' lang='lat' dir='ltr'>suo</span> <span class='ocrx_word' id='word_1_134' title='bbox 659 1302 745 1343; x_wconf 91' lang='lat' dir='ltr'>iure</span> <span class='ocrx_word' id='word_1_135' title='bbox 776 1303 952 1343; x_wconf 85' lang='lat' dir='ltr'>salutem</span> <span class='ocrx_word' id='word_1_136' title='bbox 975 1303 1150 1344; x_wconf 89' lang='lat' dir='ltr'>allatum</span> <span class='ocrx_word' id='word_1_137' title='bbox 1183 1303 1235 1344; x_wconf 94' lang='lat' dir='ltr'>iri</span> <span class='ocrx_word' id='word_1_138' title='bbox 1255 1305 1402 1356; x_wconf 75' lang='lat' dir='ltr'>sperat,</span> <span class='ocrx_word' id='word_1_139' title='bbox 1435 1304 1592 1356; x_wconf 86' lang='lat' dir='ltr'>reliqua</span> <span class='ocrx_word' id='word_1_140' title='bbox 1614 1303 1780 1345; x_wconf 89' lang='lat' dir='ltr'>omnino</span> 
     </span>
     <span class='ocr_line' id='line_1_18' title="bbox 252 1369 1780 1424; baseline 0.002 -17"><span class='ocrx_word' id='word_1_141' title='bbox 252 1381 332 1408; x_wconf 90' lang='lat' dir='ltr'>non</span> <span class='ocrx_word' id='word_1_142' title='bbox 363 1381 521 1410; x_wconf 86' lang='lat' dir='ltr'>curans.</span> <span class='ocrx_word' id='word_1_143' title='bbox 562 1369 708 1422; x_wconf 85' lang='lat' dir='ltr'>ltaque</span> <span class='ocrx_word' id='word_1_144' title='bbox 732 1382 856 1410; x_wconf 89' lang='lat' dir='ltr'>unum</span> <span class='ocrx_word' id='word_1_145' title='bbox 883 1372 996 1422; x_wconf 89' lang='lat' dir='ltr'>patet</span> <span class='ocrx_word' id='word_1_146' title='bbox 1018 1371 1238 1424; x_wconf 83' lang='lat' dir='ltr'>refugium,</span> <span class='ocrx_word' id='word_1_147' title='bbox 1271 1374 1396 1424; x_wconf 86' lang='lat' dir='ltr'>atque</span> <span class='ocrx_word' id='word_1_148' title='bbox 1423 1370 1465 1411; x_wconf 90' lang='lat' dir='ltr'>id</span> <span class='ocrx_word' id='word_1_149' title='bbox 1487 1371 1605 1412; x_wconf 86' lang='lat' dir='ltr'>unice</span> <span class='ocrx_word' id='word_1_150' title='bbox 1627 1383 1780 1420; x_wconf 88' lang='lat' dir='ltr'>verum,</span> 
     </span>
     <span class='ocr_line' id='line_1_19' title="bbox 252 1436 1783 1491; baseline 0.003 -16"><span class='ocrx_word' id='word_1_151' title='bbox 252 1436 298 1475; x_wconf 92' lang='lat' dir='ltr'>ut</span> <span class='ocrx_word' id='word_1_152' title='bbox 319 1448 530 1476; x_wconf 87' lang='lat' dir='ltr'>sumamus</span> <span class='ocrx_word' id='word_1_153' title='bbox 548 1436 780 1477; x_wconf 79' lang='lat' dir='ltr'>Phaedram</span> <span class='ocrx_word' id='word_1_154' title='bbox 812 1437 966 1490; x_wconf 85' lang='lat' dir='ltr'>fingere</span> <span class='ocrx_word' id='word_1_155' title='bbox 996 1438 1119 1478; x_wconf 84' lang='lat' dir='ltr'>istam</span> <span class='ocrx_word' id='word_1_156' title='bbox 1141 1438 1449 1490; x_wconf 84' lang='lat' dir='ltr'>simplicitatem</span> <span class='ocrx_word' id='word_1_157' title='bbox 1483 1439 1522 1478; x_wconf 88' lang='lat' dir='ltr'>et</span> <span class='ocrx_word' id='word_1_158' title='bbox 1543 1438 1783 1491; x_wconf 79' lang='lat' dir='ltr'>intellegere</span> 
     </span>
     <span class='ocr_line' id='line_1_20' title="bbox 251 1503 1782 1558; baseline 0.002 -15"><span class='ocrx_word' id='word_1_159' title='bbox 251 1503 370 1553; x_wconf 89' lang='lat' dir='ltr'>nolle,</span> <span class='ocrx_word' id='word_1_160' title='bbox 411 1517 490 1556; x_wconf 88' lang='lat' dir='ltr'>quo</span> <span class='ocrx_word' id='word_1_161' title='bbox 522 1504 695 1544; x_wconf 87' lang='lat' dir='ltr'>nutricis</span> <span class='ocrx_word' id='word_1_162' title='bbox 727 1505 923 1557; x_wconf 82' lang='lat' dir='ltr'>ambigua</span> <span class='ocrx_word' id='word_1_163' title='bbox 956 1505 1133 1558; x_wconf 87' lang='lat' dir='ltr'>quidem,</span> <span class='ocrx_word' id='word_1_164' title='bbox 1179 1505 1247 1546; x_wconf 86' lang='lat' dir='ltr'>sed</span> <span class='ocrx_word' id='word_1_165' title='bbox 1279 1505 1581 1546; x_wconf 85' lang='lat' dir='ltr'>somniantibus</span> <span class='ocrx_word' id='word_1_166' title='bbox 1615 1505 1782 1546; x_wconf 84' lang='lat' dir='ltr'>tantum</span> 
     </span>
     <span class='ocr_line' id='line_1_21' title="bbox 252 1571 1781 1626; baseline 0.001 -15"><span class='ocrx_word' id='word_1_167' title='bbox 252 1571 423 1612; x_wconf 88' lang='lat' dir='ltr'>obscura</span> <span class='ocrx_word' id='word_1_168' title='bbox 460 1571 631 1612; x_wconf 86' lang='lat' dir='ltr'>consilia</span> <span class='ocrx_word' id='word_1_169' title='bbox 670 1572 855 1613; x_wconf 88' lang='lat' dir='ltr'>tendant.</span> <span class='ocrx_word' id='word_1_170' title='bbox 916 1571 1063 1613; x_wconf 85' lang='lat' dir='ltr'>Servat</span> <span class='ocrx_word' id='word_1_171' title='bbox 1100 1572 1273 1626; x_wconf 87' lang='lat' dir='ltr'>speciem</span> <span class='ocrx_word' id='word_1_172' title='bbox 1311 1572 1546 1625; x_wconf 89' lang='lat' dir='ltr'>pudicitiae,</span> <span class='ocrx_word' id='word_1_173' title='bbox 1595 1573 1781 1613; x_wconf 88' lang='lat' dir='ltr'>attamen</span> 
     </span>
     <span class='ocr_line' id='line_1_22' title="bbox 251 1638 1781 1691; baseline 0.001 -13"><span class='ocrx_word' id='word_1_174' title='bbox 251 1638 302 1679; x_wconf 87' lang='lat' dir='ltr'>ab</span> <span class='ocrx_word' id='word_1_175' title='bbox 329 1638 440 1678; x_wconf 92' lang='lat' dir='ltr'>omni</span> <span class='ocrx_word' id='word_1_176' title='bbox 471 1638 588 1690; x_wconf 84' lang='lat' dir='ltr'>culpa</span> <span class='ocrx_word' id='word_1_177' title='bbox 621 1638 788 1679; x_wconf 85' lang='lat' dir='ltr'>liberari</span> <span class='ocrx_word' id='word_1_178' title='bbox 830 1639 983 1691; x_wconf 84' lang='lat' dir='ltr'>nequit⁷</span> <span class='ocrx_word' id='word_1_179' title='bbox 1028 1652 1121 1680; x_wconf 88' lang='lat' dir='ltr'>cum</span> <span class='ocrx_word' id='word_1_180' title='bbox 1154 1640 1319 1681; x_wconf 88' lang='lat' dir='ltr'>omnino</span> <span class='ocrx_word' id='word_1_181' title='bbox 1359 1639 1409 1680; x_wconf 90' lang='lat' dir='ltr'>ad</span> <span class='ocrx_word' id='word_1_182' title='bbox 1449 1639 1622 1680; x_wconf 90' lang='lat' dir='ltr'>nutricis</span> <span class='ocrx_word' id='word_1_183' title='bbox 1653 1639 1781 1680; x_wconf 89' lang='lat' dir='ltr'>simu-</span> 
     </span>
     <span class='ocr_line' id='line_1_23' title="bbox 249 1705 1782 1761; baseline 0.003 -16"><span class='ocrx_word' id='word_1_184' title='bbox 249 1705 424 1746; x_wconf 86' lang='lat' dir='ltr'>lationes</span> <span class='ocrx_word' id='word_1_185' title='bbox 456 1705 694 1754; x_wconf 51' lang='lat' dir='ltr'>descendam</span> <span class='ocrx_word' id='word_1_186' title='bbox 738 1706 844 1759; x_wconf 86' lang='lat' dir='ltr'>quod</span> <span class='ocrx_word' id='word_1_187' title='bbox 888 1709 935 1746; x_wconf 85' lang='lat' dir='ltr'>ut</span> <span class='ocrx_word' id='word_1_188' title='bbox 965 1707 1103 1759; x_wconf 86' lang='lat' dir='ltr'>palam</span> <span class='ocrx_word' id='word_1_189' title='bbox 1143 1707 1213 1748; x_wconf 82' lang='lat' dir='ltr'>fiat</span> <span class='ocrx_word' id='word_1_190' title='bbox 1246 1731 1293 1736; x_wconf 76' lang='lat'>—</span> <span class='ocrx_word' id='word_1_191' title='bbox 1328 1708 1412 1748; x_wconf 90' lang='lat' dir='ltr'>noli</span> <span class='ocrx_word' id='word_1_192' title='bbox 1453 1708 1530 1749; x_wconf 92' lang='lat' dir='ltr'>hoc</span> <span class='ocrx_word' id='word_1_193' title='bbox 1567 1708 1782 1761; x_wconf 83' lang='lat' dir='ltr'>neglegere</span> 
     </span>
     <span class='ocr_line' id='line_1_24' title="bbox 249 1773 1781 1829; baseline 0.002 -16"><span class='ocrx_word' id='word_1_194' title='bbox 249 1796 301 1800; x_wconf 91' lang='lat'><strong>—</strong></span> <span class='ocrx_word' id='word_1_195' title='bbox 320 1773 439 1825; x_wconf 88' lang='lat' dir='ltr'>poeta</span> <span class='ocrx_word' id='word_1_196' title='bbox 471 1773 591 1826; x_wconf 87' lang='lat' dir='ltr'>fingit</span> <span class='ocrx_word' id='word_1_197' title='bbox 610 1774 839 1815; x_wconf 83' lang='lat' dir='ltr'>Phaedram</span> <span class='ocrx_word' id='word_1_198' title='bbox 871 1775 956 1815; x_wconf 82' lang='lat' dir='ltr'>tani</span> <span class='ocrx_word' id='word_1_199' title='bbox 979 1775 1156 1816; x_wconf 76' lang='lat' dir='ltr'>levicula</span> <span class='ocrx_word' id='word_1_200' title='bbox 1185 1776 1224 1816; x_wconf 91' lang='lat' dir='ltr'>et</span> <span class='ocrx_word' id='word_1_201' title='bbox 1254 1776 1419 1817; x_wconf 88' lang='lat' dir='ltr'>inutilia</span> <span class='ocrx_word' id='word_1_202' title='bbox 1441 1775 1781 1829; x_wconf 83' lang='lat' dir='ltr'>interrogantem.</span> 
     </span>
     <span class='ocr_line' id='line_1_25' title="bbox 249 1840 1782 1896; baseline 0.003 -16"><span class='ocrx_word' id='word_1_203' title='bbox 249 1840 410 1892; x_wconf 88' lang='lat' dir='ltr'>Aptum</span> <span class='ocrx_word' id='word_1_204' title='bbox 440 1842 649 1893; x_wconf 89' lang='lat' dir='ltr'>praeterea</span> <span class='ocrx_word' id='word_1_205' title='bbox 696 1841 773 1882; x_wconf 87' lang='lat' dir='ltr'>sibi</span> <span class='ocrx_word' id='word_1_206' title='bbox 806 1843 927 1894; x_wconf 84' lang='lat' dir='ltr'>parat</span> <span class='ocrx_word' id='word_1_207' title='bbox 970 1842 1044 1882; x_wconf 89' lang='lat' dir='ltr'>hoc</span> <span class='ocrx_word' id='word_1_208' title='bbox 1078 1843 1196 1883; x_wconf 91' lang='lat' dir='ltr'>modo</span> <span class='ocrx_word' id='word_1_209' title='bbox 1229 1843 1450 1884; x_wconf 83' lang='lat' dir='ltr'>transitum</span> <span class='ocrx_word' id='word_1_210' title='bbox 1489 1843 1540 1884; x_wconf 90' lang='lat' dir='ltr'>ad</span> <span class='ocrx_word' id='word_1_211' title='bbox 1572 1856 1630 1892; x_wconf 76' lang='lat' dir='ltr'>ea,</span> <span class='ocrx_word' id='word_1_212' title='bbox 1678 1855 1782 1896; x_wconf 87' lang='lat' dir='ltr'>quae</span> 
     </span>
     <span class='ocr_line' id='line_1_26' title="bbox 248 1908 1780 1963; baseline 0.003 -16"><span class='ocrx_word' id='word_1_213' title='bbox 248 1908 496 1960; x_wconf 82' lang='lat' dir='ltr'>sequuntur3</span> <span class='ocrx_word' id='word_1_214' title='bbox 528 1909 675 1960; x_wconf 87' lang='lat' dir='ltr'>quibus</span> <span class='ocrx_word' id='word_1_215' title='bbox 699 1908 920 1949; x_wconf 81' lang='lat' dir='ltr'>dilucidius</span> <span class='ocrx_word' id='word_1_216' title='bbox 944 1909 1069 1950; x_wconf 88' lang='lat' dir='ltr'>etiam</span> <span class='ocrx_word' id='word_1_217' title='bbox 1092 1909 1222 1951; x_wconf 74' lang='lat' dir='ltr'>vetita</span> <span class='ocrx_word' id='word_1_218' title='bbox 1238 1922 1339 1962; x_wconf 87' lang='lat' dir='ltr'>spes,</span> <span class='ocrx_word' id='word_1_219' title='bbox 1374 1923 1454 1963; x_wconf 89' lang='lat' dir='ltr'>qua</span> <span class='ocrx_word' id='word_1_220' title='bbox 1476 1910 1624 1951; x_wconf 89' lang='lat' dir='ltr'>mulier</span> <span class='ocrx_word' id='word_1_221' title='bbox 1638 1921 1780 1951; x_wconf 87' lang='lat' dir='ltr'>amans</span> 
     </span>
    </p>
   </div>
   <div class='ocr_carea' id='block_1_3' title="bbox 255 2031 518 2036">
    <p class='ocr_par' dir='ltr' id='par_1_4' title="bbox 255 2031 518 2036">
     <span class='ocr_line' id='line_1_27' title="bbox 255 2031 518 2036; baseline 0 0"><span class='ocrx_word' id='word_1_222' title='bbox 255 2031 518 2036; x_wconf 95' lang='lat' dir='ltr'> </span> 
     </span>
    </p>
   </div>
   <div class='ocr_carea' id='block_1_4' title="bbox 248 2099 1782 2898">
    <p class='ocr_par' dir='ltr' id='par_1_5' title="bbox 248 2099 1782 2898">
     <span class='ocr_line' id='line_1_28' title="bbox 388 2099 1782 2146; baseline 0.003 -14"><span class='ocrx_word' id='word_1_223' title='bbox 388 2099 398 2118; x_wconf 86' lang='lat'>¹</span> <span class='ocrx_word' id='word_1_224' title='bbox 426 2099 508 2133; x_wconf 86' lang='lat' dir='ltr'>Huc</span> <span class='ocrx_word' id='word_1_225' title='bbox 551 2100 716 2134; x_wconf 84' lang='lat' dir='ltr'>convicia</span> <span class='ocrx_word' id='word_1_226' title='bbox 761 2101 938 2143; x_wconf 88' lang='lat' dir='ltr'>tendunt,</span> <span class='ocrx_word' id='word_1_227' title='bbox 984 2101 1116 2145; x_wconf 88' lang='lat' dir='ltr'>quibus</span> <span class='ocrx_word' id='word_1_228' title='bbox 1159 2101 1374 2145; x_wconf 82' lang='lat' dir='ltr'>Propertius</span> <span class='ocrx_word' id='word_1_229' title='bbox 1414 2101 1534 2135; x_wconf 90' lang='lat' dir='ltr'>lenam</span> <span class='ocrx_word' id='word_1_230' title='bbox 1575 2102 1782 2146; x_wconf 82' lang='lat' dir='ltr'>proscindit</span> 
     </span>
     <span class='ocr_line' id='line_1_29' title="bbox 251 2156 1781 2205; baseline 0.001 -14"><span class='ocrx_word' id='word_1_231' title='bbox 251 2157 341 2200; x_wconf 86' lang='lat' dir='ltr'>V,5.</span> <span class='ocrx_word' id='word_1_232' title='bbox 359 2159 395 2191; x_wconf 87' lang='lat'>5:</span> <span class='ocrx_word' id='word_1_233' title='bbox 424 2156 546 2192; x_wconf 82' lang='lat' dir='ltr'>‘docta</span> <span class='ocrx_word' id='word_1_234' title='bbox 572 2159 632 2192; x_wconf 70' lang='lat' dir='ltr'>vel</span> <span class='ocrx_word' id='word_1_235' title='bbox 649 2159 890 2203; x_wconf 81' lang='lat' dir='ltr'>Hippolytum</span> <span class='ocrx_word' id='word_1_236' title='bbox 908 2160 1040 2193; x_wconf 78' lang='lat' dir='ltr'>Veneri</span> <span class='ocrx_word' id='word_1_237' title='bbox 1069 2160 1212 2194; x_wconf 84' lang='lat' dir='ltr'>mollire</span> <span class='ocrx_word' id='word_1_238' title='bbox 1237 2158 1457 2205; x_wconf 78' lang='lat' dir='ltr'>negantem’.</span> <span class='ocrx_word' id='word_1_239' title='bbox 1497 2161 1715 2195; x_wconf 86' lang='lat' dir='ltr'>Remedium</span> <span class='ocrx_word' id='word_1_240' title='bbox 1742 2160 1781 2194; x_wconf 89' lang='lat' dir='ltr'>in</span> 
     </span>
     <span class='ocr_line' id='line_1_30' title="bbox 251 2218 1781 2264; baseline 0.002 -14"><span class='ocrx_word' id='word_1_241' title='bbox 251 2220 447 2260; x_wconf 85' lang='lat' dir='ltr'>utramque</span> <span class='ocrx_word' id='word_1_242' title='bbox 473 2222 615 2262; x_wconf 77' lang='lat' dir='ltr'>partem</span> <span class='ocrx_word' id='word_1_243' title='bbox 643 2219 767 2252; x_wconf 84' lang='lat' dir='ltr'>valens</span> <span class='ocrx_word' id='word_1_244' title='bbox 796 2218 892 2253; x_wconf 90' lang='lat' dir='ltr'>Dido</span> <span class='ocrx_word' id='word_1_245' title='bbox 928 2218 1112 2263; x_wconf 84' lang='lat' dir='ltr'>significat</span> <span class='ocrx_word' id='word_1_246' title='bbox 1146 2219 1266 2264; x_wconf 87' lang='lat' dir='ltr'>(Verg.</span> <span class='ocrx_word' id='word_1_247' title='bbox 1294 2222 1385 2254; x_wconf 89' lang='lat' dir='ltr'>Aen.</span> <span class='ocrx_word' id='word_1_248' title='bbox 1412 2220 1474 2264; x_wconf 90' lang='lat' dir='ltr'>IV,</span> <span class='ocrx_word' id='word_1_249' title='bbox 1501 2221 1570 2254; x_wconf 82' lang='lat'>478</span> <span class='ocrx_word' id='word_1_250' title='bbox 1596 2219 1665 2264; x_wconf 84' lang='lat' dir='ltr'>sq.)</span> <span class='ocrx_word' id='word_1_251' title='bbox 1698 2231 1781 2253; x_wconf 86' lang='lat' dir='ltr'>cum</span> 
     </span>
     <span class='ocr_line' id='line_1_31' title="bbox 251 2277 1781 2322; baseline 0.001 -13"><span class='ocrx_word' id='word_1_252' title='bbox 251 2287 375 2310; x_wconf 88' lang='lat' dir='ltr'>sorore</span> <span class='ocrx_word' id='word_1_253' title='bbox 415 2278 685 2311; x_wconf 87' lang='lat' dir='ltr'>communicans</span> <span class='ocrx_word' id='word_1_254' title='bbox 725 2289 761 2311; x_wconf 91' lang='lat' dir='ltr'>se</span> <span class='ocrx_word' id='word_1_255' title='bbox 802 2290 910 2322; x_wconf 80' lang='lat' dir='ltr'>sagae</span> <span class='ocrx_word' id='word_1_256' title='bbox 945 2290 1013 2322; x_wconf 85' lang='lat' dir='ltr'>ope</span> <span class='ocrx_word' id='word_1_257' title='bbox 1051 2279 1148 2312; x_wconf 76' lang='lat' dir='ltr'>viam</span> <span class='ocrx_word' id='word_1_258' title='bbox 1182 2279 1376 2322; x_wconf 79' lang='lat' dir='ltr'>invenisse,</span> <span class='ocrx_word' id='word_1_259' title='bbox 1418 2290 1511 2322; x_wconf 84' lang='lat' dir='ltr'>quae</span> <span class='ocrx_word' id='word_1_260' title='bbox 1545 2278 1615 2312; x_wconf 89' lang='lat' dir='ltr'>sibi</span> <span class='ocrx_word' id='word_1_261' title='bbox 1649 2277 1781 2311; x_wconf 88' lang='lat' dir='ltr'>reddat</span> 
     </span>
     <span class='ocr_line' id='line_1_32' title="bbox 251 2334 1780 2382; baseline 0.002 -15"><span class='ocrx_word' id='word_1_262' title='bbox 251 2334 413 2368; x_wconf 83' lang='lat' dir='ltr'>Aeneam</span> <span class='ocrx_word' id='word_1_263' title='bbox 439 2336 498 2369; x_wconf 88' lang='lat' dir='ltr'>vel</span> <span class='ocrx_word' id='word_1_264' title='bbox 526 2347 568 2369; x_wconf 90' lang='lat' dir='ltr'>eo</span> <span class='ocrx_word' id='word_1_265' title='bbox 595 2347 631 2369; x_wconf 89' lang='lat' dir='ltr'>se</span> <span class='ocrx_word' id='word_1_266' title='bbox 659 2336 778 2369; x_wconf 77' lang='lat' dir='ltr'>solvat</span> <span class='ocrx_word' id='word_1_267' title='bbox 811 2340 1007 2370; x_wconf 87' lang='lat' dir='ltr'>amantem.</span> <span class='ocrx_word' id='word_1_268' title='bbox 1058 2337 1293 2381; x_wconf 85' lang='lat' dir='ltr'>Exemplum,</span> <span class='ocrx_word' id='word_1_269' title='bbox 1331 2338 1397 2371; x_wconf 91' lang='lat' dir='ltr'>ubi</span> <span class='ocrx_word' id='word_1_270' title='bbox 1434 2338 1606 2382; x_wconf 86' lang='lat' dir='ltr'>poculum</span> <span class='ocrx_word' id='word_1_271' title='bbox 1642 2339 1780 2371; x_wconf 87' lang='lat' dir='ltr'>amato-</span> 
     </span>
     <span class='ocr_line' id='line_1_33' title="bbox 250 2394 1780 2440; baseline 0.002 -14"><span class='ocrx_word' id='word_1_272' title='bbox 250 2394 346 2427; x_wconf 86' lang='lat' dir='ltr'>rium</span> <span class='ocrx_word' id='word_1_273' title='bbox 376 2394 421 2427; x_wconf 86' lang='lat' dir='ltr'>ab</span> <span class='ocrx_word' id='word_1_274' title='bbox 450 2394 528 2438; x_wconf 87' lang='lat' dir='ltr'>ipsa</span> <span class='ocrx_word' id='word_1_275' title='bbox 552 2395 721 2436; x_wconf 86' lang='lat' dir='ltr'>muliere,</span> <span class='ocrx_word' id='word_1_276' title='bbox 761 2406 853 2438; x_wconf 85' lang='lat' dir='ltr'>quae</span> <span class='ocrx_word' id='word_1_277' title='bbox 878 2395 1024 2429; x_wconf 85' lang='lat' dir='ltr'>allicere</span> <span class='ocrx_word' id='word_1_278' title='bbox 1054 2395 1144 2439; x_wconf 84' lang='lat' dir='ltr'>vult,</span> <span class='ocrx_word' id='word_1_279' title='bbox 1181 2396 1337 2439; x_wconf 84' lang='lat' dir='ltr'>bibitur,</span> <span class='ocrx_word' id='word_1_280' title='bbox 1377 2400 1498 2430; x_wconf 82' lang='lat' dir='ltr'>exstat</span> <span class='ocrx_word' id='word_1_281' title='bbox 1524 2396 1623 2440; x_wconf 87' lang='lat' dir='ltr'>apud</span> <span class='ocrx_word' id='word_1_282' title='bbox 1649 2395 1780 2429; x_wconf 86' lang='lat' dir='ltr'>Lucia-</span> 
     </span>
     <span class='ocr_line' id='line_1_34' title="bbox 251 2452 1780 2499; baseline 0.001 -14"><span class='ocrx_word' id='word_1_283' title='bbox 251 2464 339 2485; x_wconf 88' lang='lat' dir='ltr'>num</span> <span class='ocrx_word' id='word_1_284' title='bbox 366 2452 462 2486; x_wconf 87' lang='lat' dir='ltr'>Dial.</span> <span class='ocrx_word' id='word_1_285' title='bbox 490 2456 638 2487; x_wconf 85' lang='lat' dir='ltr'>meretr.</span> <span class='ocrx_word' id='word_1_286' title='bbox 667 2455 698 2486; x_wconf 83' lang='lat'>4.</span> <span class='ocrx_word' id='word_1_287' title='bbox 749 2453 1011 2488; x_wconf 83' lang='lat' dir='ltr'>Alexandrinis</span> <span class='ocrx_word' id='word_1_288' title='bbox 1038 2457 1162 2488; x_wconf 88' lang='lat' dir='ltr'>autem</span> <span class='ocrx_word' id='word_1_289' title='bbox 1181 2454 1370 2488; x_wconf 82' lang='lat' dir='ltr'>Phaedrae</span> <span class='ocrx_word' id='word_1_290' title='bbox 1397 2467 1499 2489; x_wconf 83' lang='lat' dir='ltr'>sacra</span> <span class='ocrx_word' id='word_1_291' title='bbox 1524 2454 1669 2499; x_wconf 82' lang='lat' dir='ltr'>magica</span> <span class='ocrx_word' id='word_1_292' title='bbox 1687 2454 1780 2487; x_wconf 86' lang='lat' dir='ltr'>bene</span> 
     </span>
     <span class='ocr_line' id='line_1_35' title="bbox 248 2510 1780 2557; baseline 0.002 -14"><span class='ocrx_word' id='word_1_293' title='bbox 248 2510 450 2544; x_wconf 83' lang='lat' dir='ltr'>innotuisse</span> <span class='ocrx_word' id='word_1_294' title='bbox 478 2511 656 2555; x_wconf 78' lang='lat' dir='ltr'>Diltlieyii</span> <span class='ocrx_word' id='word_1_295' title='bbox 683 2513 897 2547; x_wconf 83' lang='lat' dir='ltr'>coniectura</span> <span class='ocrx_word' id='word_1_296' title='bbox 924 2513 1007 2556; x_wconf 45' lang='lat' dir='ltr'>rRh.</span> <span class='ocrx_word' id='word_1_297' title='bbox 1031 2513 1122 2547; x_wconf 83' lang='lat' dir='ltr'>Mus.</span> <span class='ocrx_word' id='word_1_298' title='bbox 1147 2513 1248 2547; x_wconf 78' lang='lat' dir='ltr'>XXV</span> <span class='ocrx_word' id='word_1_299' title='bbox 1273 2525 1308 2557; x_wconf 82' lang='lat' dir='ltr'>p.</span> <span class='ocrx_word' id='word_1_300' title='bbox 1345 2515 1424 2553; x_wconf 71' lang='lat'>157)</span> <span class='ocrx_word' id='word_1_301' title='bbox 1451 2514 1490 2547; x_wconf 86' lang='grc'>111</span> <span class='ocrx_word' id='word_1_302' title='bbox 1509 2514 1655 2557; x_wconf 86' lang='lat' dir='ltr'>pictura</span> <span class='ocrx_word' id='word_1_303' title='bbox 1674 2512 1780 2546; x_wconf 91' lang='lat' dir='ltr'>Pom-</span> 
     </span>
     <span class='ocr_line' id='line_1_36' title="bbox 250 2570 1778 2615; baseline 0.002 -13"><span class='ocrx_word' id='word_1_304' title='bbox 250 2570 382 2613; x_wconf 87' lang='lat' dir='ltr'>peiana</span> <span class='ocrx_word' id='word_1_305' title='bbox 398 2570 520 2611; x_wconf 89' lang='lat' dir='ltr'>(Helb.</span> <span class='ocrx_word' id='word_1_306' title='bbox 536 2571 601 2604; x_wconf 79' lang='lat' dir='ltr'>No.</span> <span class='ocrx_word' id='word_1_307' title='bbox 622 2571 726 2614; x_wconf 76' lang='lat'>1433)</span> <span class='ocrx_word' id='word_1_308' title='bbox 744 2572 962 2615; x_wconf 86' lang='lat' dir='ltr'>Phaedram,</span> <span class='ocrx_word' id='word_1_309' title='bbox 988 2572 1046 2606; x_wconf 88' lang='lat' dir='ltr'>cui</span> <span class='ocrx_word' id='word_1_310' title='bbox 1065 2573 1191 2606; x_wconf 82' lang='lat' dir='ltr'>nutrix</span> <span class='ocrx_word' id='word_1_311' title='bbox 1211 2584 1254 2606; x_wconf 87' lang='lat' dir='ltr'>ex</span> <span class='ocrx_word' id='word_1_312' title='bbox 1275 2573 1429 2606; x_wconf 86' lang='lat' dir='ltr'>adverso</span> <span class='ocrx_word' id='word_1_313' title='bbox 1448 2575 1532 2615; x_wconf 85' lang='lat' dir='ltr'>stet,</span> <span class='ocrx_word' id='word_1_314' title='bbox 1559 2571 1778 2606; x_wconf 88' lang='lat' dir='ltr'>noscendam</span> 
     </span>
     <span class='ocr_line' id='line_1_37' title="bbox 249 2629 1778 2676; baseline 0.001 -15"><span class='ocrx_word' id='word_1_315' title='bbox 249 2640 324 2662; x_wconf 90' lang='lat' dir='ltr'>esse</span> <span class='ocrx_word' id='word_1_316' title='bbox 351 2629 388 2662; x_wconf 90' lang='lat' dir='ltr'>in</span> <span class='ocrx_word' id='word_1_317' title='bbox 416 2629 552 2663; x_wconf 84' lang='lat' dir='ltr'>femina</span> <span class='ocrx_word' id='word_1_318' title='bbox 578 2630 727 2664; x_wconf 88' lang='lat' dir='ltr'>sedente</span> <span class='ocrx_word' id='word_1_319' title='bbox 754 2631 926 2674; x_wconf 85' lang='lat' dir='ltr'>laqueum</span> <span class='ocrx_word' id='word_1_320' title='bbox 953 2634 1116 2675; x_wconf 84' lang='lat' dir='ltr'>gerente,</span> <span class='ocrx_word' id='word_1_321' title='bbox 1143 2632 1391 2666; x_wconf 87' lang='lat' dir='ltr'>instrumenta</span> <span class='ocrx_word' id='word_1_322' title='bbox 1417 2631 1561 2676; x_wconf 83' lang='lat' dir='ltr'>magica</span> <span class='ocrx_word' id='word_1_323' title='bbox 1581 2631 1619 2664; x_wconf 86' lang='lat' dir='ltr'>in</span> <span class='ocrx_word' id='word_1_324' title='bbox 1638 2633 1778 2664; x_wconf 86' lang='lat' dir='ltr'>statun-</span> 
     </span>
     <span class='ocr_line' id='line_1_38' title="bbox 251 2687 1780 2734; baseline 0 -13"><span class='ocrx_word' id='word_1_325' title='bbox 251 2687 333 2721; x_wconf 90' lang='lat' dir='ltr'>cula</span> <span class='ocrx_word' id='word_1_326' title='bbox 359 2691 395 2721; x_wconf 88' lang='lat' dir='ltr'>et</span> <span class='ocrx_word' id='word_1_327' title='bbox 423 2688 602 2732; x_wconf 86' lang='lat' dir='ltr'>amphora</span> <span class='ocrx_word' id='word_1_328' title='bbox 629 2689 706 2723; x_wconf 88' lang='lat' dir='ltr'>illic</span> <span class='ocrx_word' id='word_1_329' title='bbox 733 2690 893 2733; x_wconf 83' lang='lat' dir='ltr'>depicta,</span> <span class='ocrx_word' id='word_1_330' title='bbox 926 2691 1025 2724; x_wconf 84' lang='lat' dir='ltr'>ultro</span> <span class='ocrx_word' id='word_1_331' title='bbox 1051 2691 1256 2734; x_wconf 83' lang='lat' dir='ltr'>probasset,</span> <span class='ocrx_word' id='word_1_332' title='bbox 1287 2692 1317 2724; x_wconf 91' lang='lat' dir='ltr'>si</span> <span class='ocrx_word' id='word_1_333' title='bbox 1344 2694 1445 2725; x_wconf 86' lang='lat' dir='ltr'>certa</span> <span class='ocrx_word' id='word_1_334' title='bbox 1472 2693 1575 2724; x_wconf 87' lang='lat' dir='ltr'>esset.</span> <span class='ocrx_word' id='word_1_335' title='bbox 1626 2688 1780 2722; x_wconf 86' lang='lat' dir='ltr'>Errasse</span> 
     </span>
     <span class='ocr_line' id='line_1_39' title="bbox 249 2746 1779 2792; baseline 0.001 -13"><span class='ocrx_word' id='word_1_336' title='bbox 249 2746 372 2779; x_wconf 88' lang='lat' dir='ltr'>virum</span> <span class='ocrx_word' id='word_1_337' title='bbox 398 2746 559 2789; x_wconf 83' lang='lat' dir='ltr'>doctum,</span> <span class='ocrx_word' id='word_1_338' title='bbox 594 2759 675 2781; x_wconf 83' lang='lat' dir='ltr'>cum</span> <span class='ocrx_word' id='word_1_339' title='bbox 705 2749 861 2782; x_wconf 82' lang='lat' dir='ltr'>alteram</span> <span class='ocrx_word' id='word_1_340' title='bbox 896 2749 1078 2792; x_wconf 78' lang='lat' dir='ltr'>picturam</span> <span class='ocrx_word' id='word_1_341' title='bbox 1112 2749 1149 2782; x_wconf 91' lang='lat' dir='ltr'>in</span> <span class='ocrx_word' id='word_1_342' title='bbox 1177 2749 1347 2783; x_wconf 87' lang='lat' dir='ltr'>Palatino</span> <span class='ocrx_word' id='word_1_343' title='bbox 1384 2752 1527 2783; x_wconf 87' lang='lat' dir='ltr'>erutam</span> <span class='ocrx_word' id='word_1_344' title='bbox 1560 2748 1679 2782; x_wconf 85' lang='lat' dir='ltr'>eidem</span> <span class='ocrx_word' id='word_1_345' title='bbox 1703 2758 1779 2780; x_wconf 83' lang='lat' dir='ltr'>ma-</span> 
     </span>
     <span class='ocr_line' id='line_1_40' title="bbox 248 2805 1778 2851; baseline 0 -13"><span class='ocrx_word' id='word_1_346' title='bbox 248 2805 364 2839; x_wconf 85' lang='lat' dir='ltr'>teriae</span> <span class='ocrx_word' id='word_1_347' title='bbox 390 2805 598 2840; x_wconf 87' lang='lat' dir='ltr'>vindicaret</span> <span class='ocrx_word' id='word_1_348' title='bbox 617 2807 653 2849; x_wconf 85' lang='lat' dir='ltr'>(l.</span> <span class='ocrx_word' id='word_1_349' title='bbox 674 2807 723 2850; x_wconf 91' lang='grc'><strong>1.),</strong></span> <span class='ocrx_word' id='word_1_350' title='bbox 750 2808 949 2841; x_wconf 83' lang='lat' dir='ltr'>novissima</span> <span class='ocrx_word' id='word_1_351' title='bbox 975 2808 1145 2851; x_wconf 85' lang='lat' dir='ltr'>picturae</span> <span class='ocrx_word' id='word_1_352' title='bbox 1172 2808 1286 2841; x_wconf 87' lang='lat' dir='ltr'>editio</span> <span class='ocrx_word' id='word_1_353' title='bbox 1301 2807 1400 2841; x_wconf 87' lang='lat' dir='ltr'>Mon.</span> <span class='ocrx_word' id='word_1_354' title='bbox 1427 2807 1510 2842; x_wconf 86' lang='lat' dir='ltr'>dell’</span> <span class='ocrx_word' id='word_1_355' title='bbox 1539 2807 1616 2841; x_wconf 85' lang='lat' dir='ltr'>Inst</span> <span class='ocrx_word' id='word_1_356' title='bbox 1643 2805 1707 2849; x_wconf 91' lang='lat' dir='ltr'>XI,</span> <span class='ocrx_word' id='word_1_357' title='bbox 1733 2806 1778 2838; x_wconf 86' lang='lat'>23</span> 
     </span>
     <span class='ocr_line' id='line_1_41' title="bbox 250 2864 1697 2898; baseline 0.001 -1"><span class='ocrx_word' id='word_1_358' title='bbox 250 2864 375 2898; x_wconf 81' lang='lat' dir='ltr'>vincit.</span> <span class='ocrx_word' id='word_1_359' title='bbox 1694 2873 1697 2876; x_wconf 83' lang='lat'><strong><em>‘</em></strong></span> 
     </span>
    </p>
   </div>
  </div>
 </body>
</html>
