1912 3310
850 211 913 245 101

116 324 244 366 thenii
295 324 544 378 narrationis
595 325 765 366 octavae
810 323 958 364 titulus
1015 323 1163 364 diserte
1207 324 1411 366 testatur:
1464 321 1646 377 Ἱστορεῖ

117 385 434 446 Ἀριστόδημος
468 387 490 431 ὁ
530 387 726 440 Νυσαεύς
763 389 807 431 ἐν
839 386 866 431 ά
894 389 1112 442 Ἱστοριῶν
1150 390 1253 443 περὶ
1290 388 1468 439 τούτων,
1508 388 1645 446 πλὴν

117 453 196 499 ὅτι
225 456 285 499 τοὶ
315 451 553 510 ὀνόματα
584 453 924 506 ὑπαλλάττει,
951 450 1046 498 ἀντὶ
1073 452 1300 511 (Ηρίππης
1329 457 1470 498 καλῶν
1505 461 1643 499 Γυθε-

114 523 227 577 μιάν,
270 521 346 565 τὸν
387 523 433 566 δὲ
476 521 696 578 βάρβαρον
742 520 958 577 Καυάραν.
1032 525 1179 578 Itaque
1220 524 1355 578 lepida
1398 525 1551 567 fabella
1596 526 1644 567 de

114 593 355 646 aegrotante
383 592 587 633 Antiocho
617 591 876 634 Stratonicae
910 604 1107 633 novercae
1151 603 1289 633 amore
1327 591 1540 645 flagrante,
1579 593 1645 634 cui

115 658 218 700 nihil
249 658 422 700 fortasse
457 658 555 699 facti
585 658 735 709 subest,
769 659 911 699 multis
942 659 1084 700 rivolis
1113 658 1249 709 fiuxit,
1282 658 1408 700 donec
1439 660 1644 712 postremo

114 725 157 766 in
201 724 414 766 Heliodori
462 724 716 777 Aethiopicis
758 725 940 766 subsedit
985 725 1053 777 (cf.
1100 725 1241 767 Rohde
1277 726 1303 768 1.
1335 725 1361 766 l.
1400 739 1436 778 p.
1469 726 1522 766 52
1552 729 1645 779 sq.).

116 790 268 832 Eodem
305 791 482 843 pertinet
518 791 700 845 mythica
748 791 888 833 fabula
935 792 983 834 de
1027 792 1190 833 infelice
1221 792 1376 843 iuvene,
1409 792 1478 846 qui
1509 804 1647 834 amore

115 858 313 910 superbae
343 857 502 910 puellae
532 858 690 908 ardens,
722 859 962 911 repudiatus
994 871 1163 900 manum
1194 858 1271 900 sibi
1302 859 1444 911 infert3
1482 859 1532 900 ad
1565 859 1646 900 Ar-

115 924 254 966 sinoen
285 924 569 966 Nicocreontis
605 925 713 978 regis
745 926 865 980 Cypri
907 926 1037 967 filiam
1082 925 1213 967 relata
1255 925 1340 979 illa,
1387 939 1509 979 quam
1546 926 1646 968 Ovi-

115 991 206 1033 dius
236 1004 399 1044 prorsus
431 992 523 1034 aliis
554 993 735 1046 personis
765 993 915 1035 subicit
938 993 1055 1046 (Met.
1087 993 1299 1043 X1V‚698
1323 1006 1402 1046 sq.;
1435 994 1484 1035 cf.
1503 993 1646 1034 Rohde

115 1058 142 1100 1.
173 1059 200 1100 l.
234 1071 272 1112 p.
305 1059 356 1100 79
388 1058 505 1112 sq.)¹.
565 1060 779 1101 Parthenii
810 1060 1117 1101 narrationibus
1139 1059 1237 1101 XXI
1269 1062 1307 1100 et
1337 1059 1458 1101 XXII
1485 1059 1646 1113 Scyllae

114 1125 256 1168 fabula
287 1126 512 1179 exemplum
552 1127 708 1168 dedisse
745 1127 920 1168 videtur,
991 1127 1178 1180 Cognata
1216 1128 1278 1168 est
1318 1127 1458 1168 fabula
1489 1126 1536 1168 de
1568 1126 1646 1168 Co-

114 1193 279 1235 maetho
320 1193 507 1235 Pterelae
545 1194 631 1235 filia
677 1194 885 1247 (Apollod.
918 1195 973 1244 ΙΙ,
1007 1195 1045 1235 4.
1080 1194 1133 1245 7),
1182 1207 1307 1247 quam
1347 1193 1519 1236 Ovidius
1564 1193 1644 1246 (lb.

99 1260 195 1315 *359
238 1261 317 1313 sq.)
364 1273 455 1302 cum
502 1260 639 1315 Scylla
690 1262 911 1314 componit.
986 1262 1168 1303 Eandem
1214 1262 1388 1315 denique
1433 1261 1645 1302 heroinam

114 1327 328 1381 Propertio
358 1328 401 1369 in
432 1328 630 1381 Tarpeiae
661 1328 801 1370 fabula
839 1328 1071 1370 exornanda
1112 1329 1186 1381 (V,
1217 1330 1254 1370 4.
1291 1330 1339 1370 19
1371 1328 1456 1382 sq.)
1503 1327 1646 1369 obver-

114 1395 249 1437 satam
279 1408 515 1448 essesupra
545 1396 665 1437 docui
696 1398 752 1449 (p.
784 1395 856 1449 92)
875 1397 902 1437 2.
964 1396 1128 1438 Similia
1169 1396 1352 1449 exempla
1392 1395 1551 1438 affatim
1584 1394 1647 1436 fa-

114 1462 190 1503 cile
219 1461 448 1516 indagabit,
482 1463 552 1516 qui
583 1464 681 1505 data
712 1477 833 1517 opera
864 1465 906 1505 in
937 1464 1042 1505 hanc
1072 1477 1156 1506 rem
1188 1463 1462 1517 inquisiverit.

252 1565 261 1584 ¹
287 1563 331 1597 In
356 1563 512 1598 diversis
539 1563 675 1607 mythis
702 1563 828 1597 eadem
862 1566 1080 1597 ornamenta
1111 1566 1147 1597 et
1183 1562 1288 1606 quasi
1320 1562 1532 1597 fabularum
1568 1575 1645 1598 mo—

112 1625 238 1657 menta
263 1623 398 1657 iterum
426 1633 468 1656 ac
493 1622 637 1666 saepius
663 1622 890 1666 deprehendi
917 1622 1050 1665 sciunt,
1077 1622 1139 1665 qui
1165 1621 1338 1665 mythicis
1368 1622 1646 1665 quaestionibus

112 1682 247 1717 intenti
275 1685 371 1716 sunt.
423 1681 493 1716 Sed
526 1693 610 1715 cum
648 1682 686 1715 in
723 1678 934 1726 ‘legendis'‚
976 1692 1065 1724 quas
1100 1682 1251 1715 auctore
1278 1680 1468 1715 Welckero
1502 1684 1646 1725 vocant,

112 1752 200 1776 vere
225 1741 388 1785 mythica
413 1740 655 1775 fundamenta
682 1740 805 1774 desint
831 1740 892 1783 (cf.
911 1739 1083 1774 VVelcker
1104 1740 1165 1773 Gr.
1185 1739 1411 1774 G'otterlehr.
1440 1739 1453 1773 1
1481 1751 1516 1784 p.
1532 1740 1576 1773 95
1592 1751 1645 1783 sq.

111 1799 242 1834 Rohde
267 1801 290 1834 1.
317 1800 339 1834 1.
371 1811 406 1844 p.
434 1800 479 1833 24
506 1811 547 1843 sq
563 1802 583 1842 l,
622 1799 963 1833 Alexandrinorum
988 1802 1183 1843 poetarum
1223 1799 1443 1833 immodicae
1480 1798 1646 1843 fingendi

111 1858 284 1893 licentiae
311 1858 480 1902 equidem
507 1859 589 1903 plus
615 1858 790 1902 ponderis
816 1858 1025 1896 tribuerim,
1063 1869 1175 1901 quam
1203 1856 1333 1891 Rohde
1361 1856 1398 1900 (l.
1415 1858 1436 1891 l.
1456 1869 1491 1901 p.
1506 1858 1551 1891 97
1567 1860 1646 1901 sq.),

113 1918 176 1962 qui
202 1918 280 1962 ipse
307 1918 344 1951 in
370 1917 672 1952 Hcrmesianacte
698 1922 735 1951 et
760 1917 1001 1961 Euphorione
1035 1919 1164 1960 aperta
1198 1916 1372 1950 licentiae
1400 1916 1559 1961 vestigia
1587 1916 1647 1951 de-

110 1976 217 2011 texit.
267 1976 319 2010 De
344 1976 584 2020 Euphorione
610 1976 786 2010 Moinekii
823 1976 1001 2010 iudicium
1035 1975 1151 2009 stabit
1187 1987 1271 2009 eum
1308 1973 1463 2019 ‘passim
1501 1974 1647 2009 fabulas

112 2046 180 2079 pro
219 2047 283 2070 suo
322 2035 478 2070 arbitrio
517 2038 554 2070 et
593 2034 756 2069 consilio‘
796 2036 1010 2069 immutasse
1051 2035 1074 2076 (l
1112 2035 1135 2068 l.
1166 2046 1199 2079 p.
1230 2035 1292 2078 333
1332 2033 1377 2068 cf.
1405 2045 1439 2078 p.
1468 2035 1524 2068 55.
1556 2033 1649 2078 146).

113 2094 223 2128 Absit
248 2095 377 2140 igitur,
415 2098 457 2129 ut
485 2106 627 2139 semper
654 2106 698 2128 ex
726 2094 963 2137 Callimacho,
1003 2093 1066 2138 qui
1098 2093 1142 2128 de
1169 2105 1206 2127 se
1232 2093 1425 2137 praedicat
1459 2092 1530 2138 frg.
1558 2093 1647 2126 442:

112 2148 320 2199 ἀμάρτυρον
347 2150 456 2187 οὐδὲν
480 2151 603 2197 ἀείδω,
631 2156 771 2188 ceteros
798 2153 1012 2188 iudicemus.

250 2214 262 2232 ²
286 2212 506 2257 Propertius
533 2213 577 2247 de
603 2212 723 2253 Tatio,
762 2213 825 2257 qui
851 2212 1050 2256 Tarpeiam
1077 2215 1282 2255 aversatur,
1322 2211 1422 2246 canit
1446 2223 1479 2244 v.
1506 2210 1551 2243 89
1577 2221 1647 2254 sq.:

311 2272 364 2306 At
390 2271 519 2306 Tatius
545 2273 679 2316 (neque
705 2272 801 2306 enim
829 2272 958 2306 sceleri
988 2271 1091 2305 dedit
1118 2271 1234 2305 hostis
1262 2269 1455 2313 honorem)

377 2328 508 2365 ‘nube‘
538 2331 592 2365 ait
615 2330 672 2366 ‘et
698 2331 805 2376 regni
835 2331 968 2365 scande
995 2331 1117 2364 cubile
1143 2327 1246 2364 mei'.

315 2389 432 2432 Dixit,
459 2393 496 2424 et
522 2390 676 2435 ingestis
703 2390 878 2424 comitum
906 2402 1016 2434 super
1042 2389 1169 2423 obruit
1195 2388 1318 2423 armis.

111 2445 146 2483 Ὀ
170 2446 234 2490 τὴν
258 2451 408 2491 Λέσβου
433 2451 549 2482 κτίσιν
575 2445 730 2491 ποιήσας
768 2449 911 2492 (Parth.
937 2449 1040 2491 XXI)
1078 2447 1294 2490 Peisidieen,
1341 2458 1435 2490 quae
1470 2449 1649 2489 tanquam

115 2507 235 2541 altera
273 2506 394 2551 Scylla
433 2508 633 2542 sceleratae
670 2508 817 2541 libidini
852 2508 1014 2551 patriam
1050 2518 1092 2541 ac
1124 2506 1211 2540 deos
1246 2508 1398 2550 penates
1438 2503 1650 2550 gratificata

114 2570 206 2607 erat,
245 2569 396 2601 cantans
433 2566 616 2601 Achillem
655 2567 801 2611 puellae
845 2566 1044 2600 conubium
1089 2565 1336 2599 detestantem
1382 2563 1438 2597 his
1482 2563 1649 2597 versibus

115 2625 291 2660 celebrat:

955 2670 995 2705 οὐ
1023 2672 1055 2705 δ’
1082 2668 1101 2705 ὅ
1128 2673 1162 2716 γ’
1189 2673 1316 2718 ἔμελλε

314 2730 356 2765 τὰ
387 2733 512 2777 ῥέξειν,
539 2729 633 2776 ὀλοῷ
661 2731 692 2764 δ’
721 2727 962 2775 ἐπαγάσσιιτο
990 2731 1165 2775 πατρίδος
1191 2734 1290 2775 οἴτῳ·

318 2789 396 2824 ἕνθ’
423 2786 442 2831 ἥ
469 2789 502 2834 γ’
528 2786 718 2823 αἰνότατον
741 2786 866 2834 γάμον
891 2789 1003 2822 εἴσιδε
1029 2789 1215 2831 Πηλείδαο

305 2846 474 2893 Ἀργείων
503 2846 573 2882 ὑπὸ
596 2850 704 2894 χερσὶ
733 2844 981 2893 δυσάμμορος,
1012 2850 1049 2881 οἵ
1072 2859 1138 2893 μιν
1164 2848 1328 2894 ἔπεφνον

314 2907 496 2955 πανσυδίῃ
524 2907 725 2954 θαμινῇσιν
751 2903 973 2952 ἀράσσοντες
997 2902 1225 2941 λιθάδεσσιν.
