<?xml version="1.0" encoding="UTF-8"?>
<!DOCTYPE html PUBLIC "-//W3C//DTD XHTML 1.0 Transitional//EN"
    "http://www.w3.org/TR/xhtml1/DTD/xhtml1-transitional.dtd">
<html xmlns="http://www.w3.org/1999/xhtml" xml:lang="en" lang="en">
 <head>
  <title>
</title>
<meta http-equiv="Content-Type" content="text/html;charset=utf-8" />
  <meta name='ocr-system' content='tesseract 3.04.00' />
  <meta name='ocr-capabilities' content='ocr_page ocr_carea ocr_par ocr_line ocrx_word'/>
</head>
<body>
  <div class='ocr_page' id='page_1' title='image "./dehippolytiseuri00kalkuoft_0053.png"; bbox 0 0 1912 3310; ppageno 0'>
   <div class='ocr_carea' id='block_1_1' title="bbox 832 172 876 207">
    <p class='ocr_par' dir='ltr' id='par_1_1' title="bbox 832 172 876 207">
     <span class='ocr_line' id='line_1_1' title="bbox 832 172 876 207; baseline 0 0"><span class='ocrx_word' id='word_1_1' title='bbox 832 172 876 207; x_wconf 83' lang='lat'>49</span> 
     </span>
    </p>
   </div>
   <div class='ocr_carea' id='block_1_2' title="bbox 83 284 1618 2014">
    <p class='ocr_par' dir='ltr' id='par_1_2' title="bbox 83 284 1618 2014">
     <span class='ocr_line' id='line_1_2' title="bbox 91 284 1618 340; baseline 0.003 -13"><span class='ocrx_word' id='word_1_2' title='bbox 91 284 235 339; x_wconf 82' lang='lat' dir='ltr'>Neque</span> <span class='ocrx_word' id='word_1_3' title='bbox 265 285 533 339; x_wconf 84' lang='lat' dir='ltr'>neglegenda,</span> <span class='ocrx_word' id='word_1_4' title='bbox 578 300 681 340; x_wconf 88' lang='lat' dir='ltr'>quae</span> <span class='ocrx_word' id='word_1_5' title='bbox 711 288 933 329; x_wconf 74' lang='lat' dir='ltr'>scholiasta</span> <span class='ocrx_word' id='word_1_6' title='bbox 978 288 1116 329; x_wconf 89' lang='lat' dir='ltr'>eadem</span> <span class='ocrx_word' id='word_1_7' title='bbox 1163 289 1377 331; x_wconf 86' lang='lat' dir='ltr'>verborum</span> <span class='ocrx_word' id='word_1_8' title='bbox 1409 290 1618 332; x_wconf 89' lang='lat' dir='ltr'>construc-</span> 
     </span>
     <span class='ocr_line' id='line_1_3' title="bbox 91 351 1616 409; baseline 0.002 -16"><span class='ocrx_word' id='word_1_9' title='bbox 91 352 202 394; x_wconf 80' lang='lat' dir='ltr'>tione</span> <span class='ocrx_word' id='word_1_10' title='bbox 233 364 314 405; x_wconf 83' lang='lat' dir='ltr'>qua</span> <span class='ocrx_word' id='word_1_11' title='bbox 344 351 608 405; x_wconf 73' lang='lat' dir='ltr'>Asclepiades</span> <span class='ocrx_word' id='word_1_12' title='bbox 648 366 745 394; x_wconf 85' lang='lat' dir='ltr'>usus</span> <span class='ocrx_word' id='word_1_13' title='bbox 779 353 896 394; x_wconf 74' lang='lat' dir='ltr'>addit</span> <span class='ocrx_word' id='word_1_14' title='bbox 938 357 991 402; x_wconf 88' lang='lat' dir='ltr'>(v.</span> <span class='ocrx_word' id='word_1_15' title='bbox 1024 355 1118 404; x_wconf 78' lang='lat'>46):</span> <span class='ocrx_word' id='word_1_16' title='bbox 1166 353 1208 403; x_wconf 75' lang='grc' dir='ltr'>ἐς</span> <span class='ocrx_word' id='word_1_17' title='bbox 1246 354 1356 406; x_wconf 72' lang='grc' dir='ltr'>τρίςε</span> <span class='ocrx_word' id='word_1_18' title='bbox 1401 355 1502 408; x_wconf 89' lang='grc' dir='ltr'><em>μίαν</em></span> <span class='ocrx_word' id='word_1_19' title='bbox 1539 355 1616 409; x_wconf 79' lang='grc' dir='ltr'>μὲν</span> 
     </span>
     <span class='ocr_line' id='line_1_4' title="bbox 89 410 1615 477; baseline 0.003 -19"><span class='ocrx_word' id='word_1_20' title='bbox 89 412 279 476; x_wconf 70' lang='grc' dir='ltr'>ᾐτήσατο</span> <span class='ocrx_word' id='word_1_21' title='bbox 308 410 513 458; x_wconf 71' lang='grc' dir='ltr'><em>ἀνελθεῖν</em></span> <span class='ocrx_word' id='word_1_22' title='bbox 547 417 594 470; x_wconf 76' lang='grc' dir='ltr'>ἐξ</span> <span class='ocrx_word' id='word_1_23' title='bbox 612 416 782 473; x_wconf 64' lang='grc' dir='ltr'>(Ὰιόου,</span> <span class='ocrx_word' id='word_1_24' title='bbox 829 418 1032 473; x_wconf 71' lang='grc' dir='ltr'><em>ὄειτέραν</em></span> <span class='ocrx_word' id='word_1_25' title='bbox 1067 418 1113 461; x_wconf 79' lang='grc' dir='ltr'>ἐκ</span> <span class='ocrx_word' id='word_1_26' title='bbox 1145 420 1425 475; x_wconf 56' lang='grc' dir='ltr'>λαβιρίνθοιν,</span> <span class='ocrx_word' id='word_1_27' title='bbox 1469 422 1615 477; x_wconf 84' lang='grc' dir='ltr'>τρίτην</span> 
     </span>
     <span class='ocr_line' id='line_1_5' title="bbox 87 479 1613 541; baseline 0.005 -16"><span class='ocrx_word' id='word_1_28' title='bbox 87 490 166 526; x_wconf 84' lang='grc' dir='ltr'>τοῦ</span> <span class='ocrx_word' id='word_1_29' title='bbox 181 479 446 525; x_wconf 75' lang='grc' dir='ltr'><em>Ἱππολύτου</em></span> <span class='ocrx_word' id='word_1_30' title='bbox 467 487 493 526; x_wconf 89' lang='lat'>1.</span> <span class='ocrx_word' id='word_1_31' title='bbox 536 486 673 538; x_wconf 82' lang='lat' dir='ltr'>Ipsam</span> <span class='ocrx_word' id='word_1_32' title='bbox 706 488 843 528; x_wconf 83' lang='lat' dir='ltr'>autem</span> <span class='ocrx_word' id='word_1_33' title='bbox 872 487 1090 541; x_wconf 74' lang='lat' dir='ltr'>Hippolyti</span> <span class='ocrx_word' id='word_1_34' title='bbox 1123 487 1457 530; x_wconf 75' lang='lat' dir='ltr'>sollicitationem</span> <span class='ocrx_word' id='word_1_35' title='bbox 1476 490 1613 532; x_wconf 90' lang='lat' dir='ltr'>Ascle-</span> 
     </span>
     <span class='ocr_line' id='line_1_6' title="bbox 88 548 1614 610; baseline 0.002 -17"><span class='ocrx_word' id='word_1_36' title='bbox 88 551 226 606; x_wconf 84' lang='lat' dir='ltr'>piades</span> <span class='ocrx_word' id='word_1_37' title='bbox 257 551 396 605; x_wconf 83' lang='lat' dir='ltr'>paucis</span> <span class='ocrx_word' id='word_1_38' title='bbox 427 552 624 592; x_wconf 81' lang='lat' dir='ltr'>absolvit:</span> <span class='ocrx_word' id='word_1_39' title='bbox 664 548 726 601; x_wconf 71' lang='grc' dir='ltr'>εἷς</span> <span class='ocrx_word' id='word_1_40' title='bbox 762 553 972 607; x_wconf 68' lang='grc' dir='ltr'><em>Τροιζῆνα</em></span> <span class='ocrx_word' id='word_1_41' title='bbox 1002 553 1048 594; x_wconf 73' lang='grc' dir='ltr'>δὲ</span> <span class='ocrx_word' id='word_1_42' title='bbox 1082 549 1261 606; x_wconf 54' lang='grc' dir='ltr'>ὕστερον</span> <span class='ocrx_word' id='word_1_43' title='bbox 1291 555 1614 610; x_wconf 74' lang='grc' dir='ltr'>παραγενομένη</span> 
     </span>
     <span class='ocr_line' id='line_1_7' title="bbox 87 615 1614 678; baseline 0.001 -18"><span class='ocrx_word' id='word_1_44' title='bbox 87 619 158 671; x_wconf 85' lang='lat' dir='ltr'>(sc.</span> <span class='ocrx_word' id='word_1_45' title='bbox 180 617 363 671; x_wconf 74' lang='grc' dir='ltr'><em>Φαίδρα)</em></span> <span class='ocrx_word' id='word_1_46' title='bbox 385 617 595 658; x_wconf 78' lang='grc' dir='ltr'><em>διενοεῖτο</em></span> <span class='ocrx_word' id='word_1_47' title='bbox 618 618 796 659; x_wconf 75' lang='grc' dir='ltr'>πείθειν</span> <span class='ocrx_word' id='word_1_48' title='bbox 816 615 892 659; x_wconf 76' lang='grc' dir='ltr'>τον</span> <span class='ocrx_word' id='word_1_49' title='bbox 922 619 1142 661; x_wconf 74' lang='grc' dir='ltr'><em>νεανίσκον</em></span> <span class='ocrx_word' id='word_1_50' title='bbox 1172 617 1298 670; x_wconf 72' lang='grc' dir='ltr'>ὅπως</span> <span class='ocrx_word' id='word_1_51' title='bbox 1327 616 1433 678; x_wconf 72' lang='grc' dir='ltr'>αἰτῇ</span> <span class='ocrx_word' id='word_1_52' title='bbox 1460 623 1614 677; x_wconf 77' lang='grc' dir='ltr'><em>μιγείη,</em></span> 
     </span>
     <span class='ocr_line' id='line_1_8' title="bbox 88 684 1616 740; baseline 0.003 -14"><span class='ocrx_word' id='word_1_53' title='bbox 88 685 196 739; x_wconf 83' lang='grc' dir='ltr'>(111οᾶ</span> <span class='ocrx_word' id='word_1_54' title='bbox 218 686 365 727; x_wconf 87' lang='lat' dir='ltr'>notatu</span> <span class='ocrx_word' id='word_1_55' title='bbox 387 684 578 738; x_wconf 83' lang='lat' dir='ltr'>dignum3</span> <span class='ocrx_word' id='word_1_56' title='bbox 611 686 774 738; x_wconf 90' lang='lat' dir='ltr'>quando</span> <span class='ocrx_word' id='word_1_57' title='bbox 807 699 957 736; x_wconf 81' lang='lat' dir='ltr'>omnes,</span> <span class='ocrx_word' id='word_1_58' title='bbox 991 700 1092 740; x_wconf 87' lang='lat' dir='ltr'>quas</span> <span class='ocrx_word' id='word_1_59' title='bbox 1121 689 1346 737; x_wconf 82' lang='lat' dir='ltr'>recensebo,</span> <span class='ocrx_word' id='word_1_60' title='bbox 1378 691 1616 731; x_wconf 88' lang='lat' dir='ltr'>narratiun-</span> 
     </span>
     <span class='ocr_line' id='line_1_9' title="bbox 88 752 1612 810; baseline 0.002 -16"><span class='ocrx_word' id='word_1_61' title='bbox 88 753 215 804; x_wconf 80' lang='lat' dir='ltr'>culae,</span> <span class='ocrx_word' id='word_1_62' title='bbox 248 752 411 794; x_wconf 87' lang='lat' dir='ltr'>etiamsi</span> <span class='ocrx_word' id='word_1_63' title='bbox 441 752 483 793; x_wconf 94' lang='lat' dir='ltr'>in</span> <span class='ocrx_word' id='word_1_64' title='bbox 514 752 722 793; x_wconf 87' lang='lat' dir='ltr'>nonnullis</span> <span class='ocrx_word' id='word_1_65' title='bbox 744 754 862 794; x_wconf 85' lang='lat' dir='ltr'>rebus</span> <span class='ocrx_word' id='word_1_66' title='bbox 884 754 1092 795; x_wconf 87' lang='lat' dir='ltr'>evidenter</span> <span class='ocrx_word' id='word_1_67' title='bbox 1114 757 1317 797; x_wconf 84' lang='lat' dir='ltr'>servatam</span> <span class='ocrx_word' id='word_1_68' title='bbox 1340 756 1612 810; x_wconf 84' lang='lat' dir='ltr'>Hippolytum</span> 
     </span>
     <span class='ocr_line' id='line_1_10' title="bbox 87 820 1615 876; baseline 0.001 -14"><span class='ocrx_word' id='word_1_69' title='bbox 87 820 339 874; x_wconf 76' lang='lat' dir='ltr'>exprimunt,</span> <span class='ocrx_word' id='word_1_70' title='bbox 391 820 531 861; x_wconf 90' lang='lat' dir='ltr'>tamen</span> <span class='ocrx_word' id='word_1_71' title='bbox 581 820 632 861; x_wconf 90' lang='lat' dir='ltr'>ab</span> <span class='ocrx_word' id='word_1_72' title='bbox 678 820 902 862; x_wconf 89' lang='lat' dir='ltr'>artificiosa</span> <span class='ocrx_word' id='word_1_73' title='bbox 947 821 1032 861; x_wconf 89' lang='lat' dir='ltr'>eius</span> <span class='ocrx_word' id='word_1_74' title='bbox 1076 822 1300 875; x_wconf 78' lang='lat' dir='ltr'>elegantia,</span> <span class='ocrx_word' id='word_1_75' title='bbox 1353 836 1432 876; x_wconf 90' lang='lat' dir='ltr'>qua</span> <span class='ocrx_word' id='word_1_76' title='bbox 1478 823 1615 864; x_wconf 78' lang='lat' dir='ltr'>nutrix</span> 
     </span>
     <span class='ocr_line' id='line_1_11' title="bbox 87 887 1613 942; baseline 0.002 -14"><span class='ocrx_word' id='word_1_77' title='bbox 87 887 316 929; x_wconf 83' lang='lat' dir='ltr'>Phaedram</span> <span class='ocrx_word' id='word_1_78' title='bbox 354 887 462 928; x_wconf 90' lang='lat' dir='ltr'>tecte</span> <span class='ocrx_word' id='word_1_79' title='bbox 492 887 694 928; x_wconf 89' lang='lat' dir='ltr'>volentem</span> <span class='ocrx_word' id='word_1_80' title='bbox 735 888 939 928; x_wconf 87' lang='lat' dir='ltr'>nolentem</span> <span class='ocrx_word' id='word_1_81' title='bbox 979 888 1020 928; x_wconf 92' lang='lat' dir='ltr'>in</span> <span class='ocrx_word' id='word_1_82' title='bbox 1060 889 1277 941; x_wconf 89' lang='lat' dir='ltr'>perniciem</span> <span class='ocrx_word' id='word_1_83' title='bbox 1324 890 1445 942; x_wconf 86' lang='lat' dir='ltr'>rapit,</span> <span class='ocrx_word' id='word_1_84' title='bbox 1486 890 1528 930; x_wconf 89' lang='lat' dir='ltr'>in</span> <span class='ocrx_word' id='word_1_85' title='bbox 1569 902 1613 931; x_wconf 94' lang='lat' dir='ltr'>eo</span> 
     </span>
     <span class='ocr_line' id='line_1_12' title="bbox 86 953 1611 1008; baseline 0.001 -13"><span class='ocrx_word' id='word_1_86' title='bbox 86 954 270 995; x_wconf 83' lang='lat' dir='ltr'>recedere</span> <span class='ocrx_word' id='word_1_87' title='bbox 312 954 456 1004; x_wconf 83' lang='lat' dir='ltr'>solent,</span> <span class='ocrx_word' id='word_1_88' title='bbox 504 953 612 1006; x_wconf 90' lang='lat' dir='ltr'>quod</span> <span class='ocrx_word' id='word_1_89' title='bbox 657 954 817 995; x_wconf 89' lang='lat' dir='ltr'>nutrice</span> <span class='ocrx_word' id='word_1_90' title='bbox 862 954 944 995; x_wconf 83' lang='lat' dir='ltr'>fere</span> <span class='ocrx_word' id='word_1_91' title='bbox 988 967 1144 1008; x_wconf 90' lang='lat' dir='ltr'>semper</span> <span class='ocrx_word' id='word_1_92' title='bbox 1192 956 1341 997; x_wconf 84' lang='lat' dir='ltr'>omissa</span> <span class='ocrx_word' id='word_1_93' title='bbox 1384 956 1611 998; x_wconf 77' lang='lat' dir='ltr'>Phaedram</span> 
     </span>
     <span class='ocr_line' id='line_1_13' title="bbox 86 1020 1611 1076; baseline 0 -12"><span class='ocrx_word' id='word_1_94' title='bbox 86 1022 218 1076; x_wconf 87' lang='lat' dir='ltr'>ipsam</span> <span class='ocrx_word' id='word_1_95' title='bbox 247 1022 432 1063; x_wconf 88' lang='lat' dir='ltr'>iuvenem</span> <span class='ocrx_word' id='word_1_96' title='bbox 451 1020 668 1062; x_wconf 79' lang='lat' dir='ltr'>adeuntem</span> <span class='ocrx_word' id='word_1_97' title='bbox 701 1022 753 1074; x_wconf 80' lang='lat' dir='ltr'>et,</span> <span class='ocrx_word' id='word_1_98' title='bbox 786 1023 832 1062; x_wconf 90' lang='grc'>111</span> <span class='ocrx_word' id='word_1_99' title='bbox 862 1022 938 1063; x_wconf 89' lang='lat' dir='ltr'>sibi</span> <span class='ocrx_word' id='word_1_100' title='bbox 971 1023 1031 1063; x_wconf 87' lang='lat' dir='ltr'>sui</span> <span class='ocrx_word' id='word_1_101' title='bbox 1059 1023 1215 1075; x_wconf 91' lang='lat' dir='ltr'>copiam</span> <span class='ocrx_word' id='word_1_102' title='bbox 1239 1023 1377 1074; x_wconf 84' lang='lat' dir='ltr'>faciat,</span> <span class='ocrx_word' id='word_1_103' title='bbox 1411 1024 1611 1075; x_wconf 87' lang='lat' dir='ltr'>petentem</span> 
     </span>
     <span class='ocr_line' id='line_1_14' title="bbox 86 1089 1612 1144; baseline 0 -13"><span class='ocrx_word' id='word_1_104' title='bbox 86 1089 262 1143; x_wconf 84' lang='lat' dir='ltr'>fingunt.</span> <span class='ocrx_word' id='word_1_105' title='bbox 323 1089 435 1141; x_wconf 85' lang='lat' dir='ltr'>Quae</span> <span class='ocrx_word' id='word_1_106' title='bbox 465 1089 526 1130; x_wconf 90' lang='lat' dir='ltr'>est</span> <span class='ocrx_word' id='word_1_107' title='bbox 556 1089 725 1141; x_wconf 79' lang='lat' dir='ltr'>simplex</span> <span class='ocrx_word' id='word_1_108' title='bbox 757 1090 1017 1143; x_wconf 84' lang='lat' dir='ltr'>genuinaque</span> <span class='ocrx_word' id='word_1_109' title='bbox 1048 1091 1181 1144; x_wconf 76' lang='lat' dir='ltr'>mythi</span> <span class='ocrx_word' id='word_1_110' title='bbox 1222 1090 1366 1141; x_wconf 87' lang='lat' dir='ltr'>forma,</span> <span class='ocrx_word' id='word_1_111' title='bbox 1413 1091 1478 1131; x_wconf 88' lang='lat' dir='ltr'>cui</span> <span class='ocrx_word' id='word_1_112' title='bbox 1521 1103 1612 1131; x_wconf 91' lang='lat' dir='ltr'>cum</span> 
     </span>
     <span class='ocr_line' id='line_1_15' title="bbox 86 1156 1615 1211; baseline 0 -12"><span class='ocrx_word' id='word_1_113' title='bbox 86 1158 287 1199; x_wconf 91' lang='lat' dir='ltr'>cothurno</span> <span class='ocrx_word' id='word_1_114' title='bbox 330 1157 496 1199; x_wconf 90' lang='lat' dir='ltr'>omnino</span> <span class='ocrx_word' id='word_1_115' title='bbox 537 1156 638 1196; x_wconf 87' lang='lat' dir='ltr'>nihil</span> <span class='ocrx_word' id='word_1_116' title='bbox 678 1157 739 1197; x_wconf 86' lang='lat' dir='ltr'>est</span> <span class='ocrx_word' id='word_1_117' title='bbox 783 1169 1008 1198; x_wconf 87' lang='lat' dir='ltr'>connnune.</span> <span class='ocrx_word' id='word_1_118' title='bbox 1069 1157 1116 1197; x_wconf 88' lang='lat' dir='ltr'>ln</span> <span class='ocrx_word' id='word_1_119' title='bbox 1148 1158 1209 1198; x_wconf 89' lang='lat' dir='ltr'>his</span> <span class='ocrx_word' id='word_1_120' title='bbox 1252 1171 1358 1207; x_wconf 71' lang='lat' dir='ltr'>vero,</span> <span class='ocrx_word' id='word_1_121' title='bbox 1405 1171 1508 1211; x_wconf 86' lang='lat' dir='ltr'>quae</span> <span class='ocrx_word' id='word_1_122' title='bbox 1546 1158 1615 1199; x_wconf 91' lang='lat' dir='ltr'>de-</span> 
     </span>
     <span class='ocr_line' id='line_1_16' title="bbox 85 1221 1615 1278; baseline 0 -14"><span class='ocrx_word' id='word_1_123' title='bbox 85 1224 180 1265; x_wconf 86' lang='lat' dir='ltr'>inde</span> <span class='ocrx_word' id='word_1_124' title='bbox 214 1227 460 1266; x_wconf 78' lang='lat' dir='ltr'>narrantur:</span> <span class='ocrx_word' id='word_1_125' title='bbox 510 1222 713 1275; x_wconf 73' lang='grc' dir='ltr'><em>χαλεπῶς</em></span> <span class='ocrx_word' id='word_1_126' title='bbox 744 1222 782 1263; x_wconf 57' lang='grc' dir='ltr'>(δ’</span> <span class='ocrx_word' id='word_1_127' title='bbox 813 1221 976 1264; x_wconf 66' lang='grc' dir='ltr'><em>ἐκείνου</em></span> <span class='ocrx_word' id='word_1_128' title='bbox 1008 1223 1354 1277; x_wconf 68' lang='grc' dir='ltr'><em>προςδεξαμένου</em></span> <span class='ocrx_word' id='word_1_129' title='bbox 1383 1221 1459 1264; x_wconf 67' lang='grc' dir='ltr'>τὸν</span> <span class='ocrx_word' id='word_1_130' title='bbox 1488 1221 1615 1278; x_wconf 76' lang='grc' dir='ltr'><em>λόγον</em></span> 
     </span>
     <span class='ocr_line' id='line_1_17' title="bbox 85 1283 1614 1348; baseline 0 -16"><span class='ocrx_word' id='word_1_131' title='bbox 85 1290 248 1345; x_wconf 77' lang='grc' dir='ltr'><em>λέγεται</em></span> <span class='ocrx_word' id='word_1_132' title='bbox 280 1292 590 1346; x_wconf 58' lang='grc' dir='ltr'><em>φοβηθεῖσανῖ</em></span> <span class='ocrx_word' id='word_1_133' title='bbox 620 1283 754 1345; x_wconf 38' lang='grc' dir='ltr'>αιῗτην</span> <span class='ocrx_word' id='word_1_134' title='bbox 784 1284 1063 1343; x_wconf 65' lang='grc' dir='ltr'>ἀναστρέψαι</span> <span class='ocrx_word' id='word_1_135' title='bbox 1098 1288 1173 1348; x_wconf 67' lang='grc' dir='ltr'>την</span> <span class='ocrx_word' id='word_1_136' title='bbox 1203 1289 1342 1333; x_wconf 78' lang='grc' dir='ltr'>αἰτίαν</span> <span class='ocrx_word' id='word_1_137' title='bbox 1372 1291 1458 1334; x_wconf 80' lang='grc' dir='ltr'><strong><em>κτλ.</em></strong></span> <span class='ocrx_word' id='word_1_138' title='bbox 1493 1305 1614 1333; x_wconf 85' lang='lat' dir='ltr'>orna-</span> 
     </span>
     <span class='ocr_line' id='line_1_18' title="bbox 87 1357 1612 1414; baseline -0.001 -15"><span class='ocrx_word' id='word_1_139' title='bbox 87 1359 270 1400; x_wconf 84' lang='lat' dir='ltr'>mentum</span> <span class='ocrx_word' id='word_1_140' title='bbox 302 1371 322 1400; x_wconf 95' lang='lat' dir='ltr'>e</span> <span class='ocrx_word' id='word_1_141' title='bbox 352 1357 567 1412; x_wconf 87' lang='lat' dir='ltr'>tragoedia</span> <span class='ocrx_word' id='word_1_142' title='bbox 599 1358 739 1398; x_wconf 90' lang='lat' dir='ltr'>nostra</span> <span class='ocrx_word' id='word_1_143' title='bbox 771 1359 978 1399; x_wconf 88' lang='lat' dir='ltr'>sublatum</span> <span class='ocrx_word' id='word_1_144' title='bbox 1012 1359 1148 1411; x_wconf 84' lang='lat' dir='ltr'>prodit</span> <span class='ocrx_word' id='word_1_145' title='bbox 1180 1359 1441 1412; x_wconf 87' lang='lat' dir='ltr'>participium</span> <span class='ocrx_word' id='word_1_146' title='bbox 1474 1360 1612 1414; x_wconf 74' lang='grc' dir='ltr'><em>φοβη-</em></span> 
     </span>
     <span class='ocr_line' id='line_1_19' title="bbox 85 1424 1614 1467; baseline -0.001 0"><span class='ocrx_word' id='word_1_147' title='bbox 85 1428 255 1467; x_wconf 75' lang='grc' dir='ltr'><em>θεῖσαν.</em></span> <span class='ocrx_word' id='word_1_148' title='bbox 315 1425 481 1466; x_wconf 86' lang='lat' dir='ltr'>Etenim</span> <span class='ocrx_word' id='word_1_149' title='bbox 518 1424 655 1467; x_wconf 87' lang='lat' dir='ltr'>Diana</span> <span class='ocrx_word' id='word_1_150' title='bbox 702 1424 751 1465; x_wconf 87' lang='lat' dir='ltr'>de</span> <span class='ocrx_word' id='word_1_151' title='bbox 794 1424 982 1466; x_wconf 87' lang='lat' dir='ltr'>Phaedra</span> <span class='ocrx_word' id='word_1_152' title='bbox 1028 1425 1275 1467; x_wconf 81' lang='lat' dir='ltr'>calumniam</span> <span class='ocrx_word' id='word_1_153' title='bbox 1322 1426 1467 1467; x_wconf 89' lang='lat' dir='ltr'>molita</span> <span class='ocrx_word' id='word_1_154' title='bbox 1512 1426 1614 1466; x_wconf 90' lang='lat' dir='ltr'>dicit</span> 
     </span>
     <span class='ocr_line' id='line_1_20' title="bbox 86 1487 1611 1549; baseline -0.001 -14"><span class='ocrx_word' id='word_1_155' title='bbox 86 1506 124 1535; x_wconf 88' lang='lat' dir='ltr'>V.</span> <span class='ocrx_word' id='word_1_156' title='bbox 144 1494 267 1534; x_wconf 83' lang='lat'>1310:</span> <span class='ocrx_word' id='word_1_157' title='bbox 300 1489 324 1549; x_wconf 79' lang='grc' dir='ltr'>ἡ</span> <span class='ocrx_word' id='word_1_158' title='bbox 355 1491 390 1533; x_wconf 80' lang='grc' dir='ltr'>δ’</span> <span class='ocrx_word' id='word_1_159' title='bbox 425 1488 486 1540; x_wconf 81' lang='grc' dir='ltr'>εἷς</span> <span class='ocrx_word' id='word_1_160' title='bbox 519 1488 691 1544; x_wconf 75' lang='grc' dir='ltr'><em>ἔλεγχον</em></span> <span class='ocrx_word' id='word_1_161' title='bbox 723 1487 781 1546; x_wconf 73' lang='grc' dir='ltr'>μη</span> <span class='ocrx_word' id='word_1_162' title='bbox 812 1490 924 1546; x_wconf 62' lang='grc' dir='ltr'>πέσῃ</span> <span class='ocrx_word' id='word_1_163' title='bbox 947 1491 1196 1546; x_wconf 57' lang='lat' dir='ltr'>‹postor-ptem]</span> <span class='ocrx_word' id='word_1_164' title='bbox 1227 1491 1352 1543; x_wconf 75' lang='grc' dir='ltr'>κτλ.3,</span> <span class='ocrx_word' id='word_1_165' title='bbox 1385 1505 1463 1545; x_wconf 90' lang='grc'>(1110</span> <span class='ocrx_word' id='word_1_166' title='bbox 1496 1505 1611 1534; x_wconf 84' lang='lat' dir='ltr'>versu</span> 
     </span>
     <span class='ocr_line' id='line_1_21' title="bbox 88 1558 1614 1614; baseline -0.002 -12"><span class='ocrx_word' id='word_1_167' title='bbox 88 1559 369 1614; x_wconf 83' lang='lat' dir='ltr'>Asclepiadem</span> <span class='ocrx_word' id='word_1_168' title='bbox 400 1559 571 1600; x_wconf 88' lang='lat' dir='ltr'>abusum</span> <span class='ocrx_word' id='word_1_169' title='bbox 616 1571 700 1599; x_wconf 91' lang='lat' dir='ltr'>esse</span> <span class='ocrx_word' id='word_1_170' title='bbox 744 1558 833 1599; x_wconf 84' lang='lat' dir='ltr'>ideo</span> <span class='ocrx_word' id='word_1_171' title='bbox 867 1558 1098 1600; x_wconf 86' lang='lat' dir='ltr'>firmissime</span> <span class='ocrx_word' id='word_1_172' title='bbox 1135 1572 1338 1609; x_wconf 81' lang='lat' dir='ltr'>assevero,</span> <span class='ocrx_word' id='word_1_173' title='bbox 1387 1559 1483 1612; x_wconf 86' lang='lat' dir='ltr'>quia</span> <span class='ocrx_word' id='word_1_174' title='bbox 1521 1559 1614 1600; x_wconf 87' lang='lat' dir='ltr'>reli-</span> 
     </span>
     <span class='ocr_line' id='line_1_22' title="bbox 84 1625 1611 1682; baseline -0.003 -13"><span class='ocrx_word' id='word_1_175' title='bbox 84 1640 187 1682; x_wconf 91' lang='lat' dir='ltr'>quos</span> <span class='ocrx_word' id='word_1_176' title='bbox 216 1625 504 1679; x_wconf 87' lang='lat' dir='ltr'>compilatores</span> <span class='ocrx_word' id='word_1_177' title='bbox 534 1626 695 1678; x_wconf 90' lang='lat' dir='ltr'>praeter</span> <span class='ocrx_word' id='word_1_178' title='bbox 725 1625 941 1678; x_wconf 82' lang='lat' dir='ltr'>prologum</span> <span class='ocrx_word' id='word_1_179' title='bbox 967 1625 1065 1666; x_wconf 87' lang='lat' dir='ltr'>item</span> <span class='ocrx_word' id='word_1_180' title='bbox 1094 1626 1145 1667; x_wconf 86' lang='lat' dir='ltr'>ad</span> <span class='ocrx_word' id='word_1_181' title='bbox 1177 1626 1309 1679; x_wconf 89' lang='lat' dir='ltr'>ipsum</span> <span class='ocrx_word' id='word_1_182' title='bbox 1332 1626 1439 1666; x_wconf 89' lang='lat' dir='ltr'>hunc</span> <span class='ocrx_word' id='word_1_183' title='bbox 1463 1626 1611 1675; x_wconf 83' lang='lat' dir='ltr'>locum,</span> 
     </span>
     <span class='ocr_line' id='line_1_23' title="bbox 85 1692 1612 1748; baseline -0.001 -13"><span class='ocrx_word' id='word_1_184' title='bbox 85 1707 165 1748; x_wconf 90' lang='lat' dir='ltr'>quo</span> <span class='ocrx_word' id='word_1_185' title='bbox 197 1694 332 1735; x_wconf 91' lang='lat' dir='ltr'>Diana</span> <span class='ocrx_word' id='word_1_186' title='bbox 363 1705 425 1734; x_wconf 86' lang='lat' dir='ltr'>res</span> <span class='ocrx_word' id='word_1_187' title='bbox 457 1693 597 1745; x_wconf 84' lang='lat' dir='ltr'>paucis</span> <span class='ocrx_word' id='word_1_188' title='bbox 629 1692 785 1733; x_wconf 86' lang='lat' dir='ltr'>revelat</span> <span class='ocrx_word' id='word_1_189' title='bbox 820 1693 860 1732; x_wconf 91' lang='lat' dir='ltr'>et</span> <span class='ocrx_word' id='word_1_190' title='bbox 900 1693 1218 1745; x_wconf 85' lang='lat' dir='ltr'>comprehendit,</span> <span class='ocrx_word' id='word_1_191' title='bbox 1267 1705 1308 1734; x_wconf 92' lang='grc'>30</span> <span class='ocrx_word' id='word_1_192' title='bbox 1347 1692 1612 1734; x_wconf 80' lang='lat' dir='ltr'>adstrinxisse</span> 
     </span>
     <span class='ocr_line' id='line_1_24' title="bbox 84 1759 1611 1813; baseline -0.002 -11"><span class='ocrx_word' id='word_1_193' title='bbox 84 1760 357 1802; x_wconf 88' lang='lat' dir='ltr'>demonstrari</span> <span class='ocrx_word' id='word_1_194' title='bbox 400 1761 548 1813; x_wconf 90' lang='lat' dir='ltr'>potest.</span> <span class='ocrx_word' id='word_1_195' title='bbox 618 1759 735 1812; x_wconf 77' lang='lat' dir='ltr'>Quod</span> <span class='ocrx_word' id='word_1_196' title='bbox 777 1759 828 1801; x_wconf 85' lang='lat' dir='ltr'>ad</span> <span class='ocrx_word' id='word_1_197' title='bbox 875 1761 1097 1800; x_wconf 82' lang='lat' dir='ltr'>extremuni</span> <span class='ocrx_word' id='word_1_198' title='bbox 1141 1759 1189 1800; x_wconf 89' lang='lat' dir='ltr'>de</span> <span class='ocrx_word' id='word_1_199' title='bbox 1226 1759 1436 1800; x_wconf 84' lang='lat' dir='ltr'>Phaedrae</span> <span class='ocrx_word' id='word_1_200' title='bbox 1481 1759 1611 1800; x_wconf 91' lang='lat' dir='ltr'>morte</span> 
     </span>
     <span class='ocr_line' id='line_1_25' title="bbox 85 1821 1612 1882; baseline -0.004 -12"><span class='ocrx_word' id='word_1_201' title='bbox 85 1828 347 1881; x_wconf 83' lang='lat' dir='ltr'>Asclepiades</span> <span class='ocrx_word' id='word_1_202' title='bbox 391 1829 552 1869; x_wconf 80' lang='lat' dir='ltr'>narrat:</span> <span class='ocrx_word' id='word_1_203' title='bbox 601 1821 681 1881; x_wconf 65' lang='grc' dir='ltr'>τήν</span> <span class='ocrx_word' id='word_1_204' title='bbox 720 1826 767 1867; x_wconf 70' lang='grc' dir='ltr'>δὲ</span> <span class='ocrx_word' id='word_1_205' title='bbox 807 1826 998 1879; x_wconf 68' lang='grc' dir='ltr'><em>Φαίδραν</em></span> <span class='ocrx_word' id='word_1_206' title='bbox 1042 1827 1232 1882; x_wconf 75' lang='grc' dir='ltr'><em>φανερᾶς</em></span> <span class='ocrx_word' id='word_1_207' title='bbox 1274 1825 1499 1880; x_wconf 73' lang='grc' dir='ltr'><em>γενομένης</em></span> <span class='ocrx_word' id='word_1_208' title='bbox 1535 1825 1612 1880; x_wconf 74' lang='grc' dir='ltr'>τῆς</span> 
     </span>
     <span class='ocr_line' id='line_1_26' title="bbox 83 1889 1612 1952; baseline -0.003 -16"><span class='ocrx_word' id='word_1_209' title='bbox 83 1894 287 1952; x_wconf 80' lang='grc' dir='ltr'><em>διαβολῆς</em></span> <span class='ocrx_word' id='word_1_210' title='bbox 307 1889 591 1948; x_wconf 67' lang='grc' dir='ltr'><em>ἀπάγξασθαι</em></span> <span class='ocrx_word' id='word_1_211' title='bbox 617 1895 690 1946; x_wconf 87' lang='lat' dir='ltr'>(sc.</span> <span class='ocrx_word' id='word_1_212' title='bbox 709 1890 1005 1947; x_wconf 74' lang='grc' dir='ltr'>ὁμολογοῦσι),</span> <span class='ocrx_word' id='word_1_213' title='bbox 1039 1894 1079 1934; x_wconf 90' lang='lat' dir='ltr'>id</span> <span class='ocrx_word' id='word_1_214' title='bbox 1097 1894 1287 1935; x_wconf 86' lang='lat' dir='ltr'>cothurni</span> <span class='ocrx_word' id='word_1_215' title='bbox 1310 1895 1416 1934; x_wconf 89' lang='lat' dir='ltr'>certe</span> <span class='ocrx_word' id='word_1_216' title='bbox 1438 1905 1515 1933; x_wconf 93' lang='lat' dir='ltr'>non</span> <span class='ocrx_word' id='word_1_217' title='bbox 1539 1893 1612 1933; x_wconf 90' lang='lat' dir='ltr'>est.</span> 
     </span>
     <span class='ocr_line' id='line_1_27' title="bbox 84 1959 1611 2014; baseline -0.003 -10"><span class='ocrx_word' id='word_1_218' title='bbox 84 1962 193 2004; x_wconf 88' lang='lat' dir='ltr'>Nam</span> <span class='ocrx_word' id='word_1_219' title='bbox 223 1964 271 2004; x_wconf 92' lang='lat' dir='ltr'>ut</span> <span class='ocrx_word' id='word_1_220' title='bbox 291 1963 340 2004; x_wconf 86' lang='lat' dir='ltr'>de</span> <span class='ocrx_word' id='word_1_221' title='bbox 367 1962 498 2004; x_wconf 90' lang='lat' dir='ltr'>altera</span> <span class='ocrx_word' id='word_1_222' title='bbox 522 1961 730 2014; x_wconf 85' lang='lat' dir='ltr'>Euripidis</span> <span class='ocrx_word' id='word_1_223' title='bbox 750 1961 937 2002; x_wconf 85' lang='lat' dir='ltr'>Phaedra</span> <span class='ocrx_word' id='word_1_224' title='bbox 959 1961 1132 2013; x_wconf 85' lang='lat' dir='ltr'>taceam,</span> <span class='ocrx_word' id='word_1_225' title='bbox 1166 1960 1276 2013; x_wconf 86' lang='lat' dir='ltr'>prior</span> <span class='ocrx_word' id='word_1_226' title='bbox 1307 1961 1401 2001; x_wconf 84' lang='lat' dir='ltr'>ante</span> <span class='ocrx_word' id='word_1_227' title='bbox 1423 1959 1611 2010; x_wconf 90' lang='lat' dir='ltr'>moritur,</span> 
     </span>
    </p>
   </div>
   <div class='ocr_carea' id='block_1_3' title="bbox 82 2147 1612 2492">
    <p class='ocr_par' dir='ltr' id='par_1_3' title="bbox 83 2147 1612 2248">
     <span class='ocr_line' id='line_1_28' title="bbox 219 2147 1612 2197; baseline -0.001 -9"><span class='ocrx_word' id='word_1_228' title='bbox 219 2154 230 2174; x_wconf 86' lang='lat'>²</span> <span class='ocrx_word' id='word_1_229' title='bbox 257 2153 345 2188; x_wconf 84' lang='lat' dir='ltr'>Cod.</span> <span class='ocrx_word' id='word_1_230' title='bbox 372 2153 422 2189; x_wconf 88' lang='lat' dir='ltr'>M.</span> <span class='ocrx_word' id='word_1_231' title='bbox 449 2156 486 2188; x_wconf 90' lang='lat' dir='ltr'>et</span> <span class='ocrx_word' id='word_1_232' title='bbox 510 2153 564 2187; x_wconf 90' lang='lat' dir='ltr'>Fl.</span> <span class='ocrx_word' id='word_1_233' title='bbox 594 2155 652 2188; x_wconf 81' lang='lat'>15:</span> <span class='ocrx_word' id='word_1_234' title='bbox 685 2152 735 2197; x_wconf 80' lang='grc' dir='ltr'>τῷ</span> <span class='ocrx_word' id='word_1_235' title='bbox 761 2149 970 2197; x_wconf 72' lang='grc' dir='ltr'>Ἱππολύτῳ,</span> <span class='ocrx_word' id='word_1_236' title='bbox 1000 2172 1042 2177; x_wconf 87' lang='lat'><em>-</em></span> <span class='ocrx_word' id='word_1_237' title='bbox 1069 2152 1260 2187; x_wconf 81' lang='lat' dir='ltr'>Excidisse</span> <span class='ocrx_word' id='word_1_238' title='bbox 1286 2152 1434 2186; x_wconf 87' lang='lat' dir='ltr'>videtur</span> <span class='ocrx_word' id='word_1_239' title='bbox 1457 2147 1612 2197; x_wconf 77' lang='grc' dir='ltr'><em>ὄλεθρον</em></span> 
     </span>
     <span class='ocr_line' id='line_1_29' title="bbox 83 2212 231 2248; baseline 0 -2"><span class='ocrx_word' id='word_1_240' title='bbox 83 2212 122 2247; x_wconf 89' lang='lat' dir='ltr'>in</span> <span class='ocrx_word' id='word_1_241' title='bbox 147 2212 231 2248; x_wconf 91' lang='lat' dir='ltr'>fine.</span> 
     </span>
    </p>

    <p class='ocr_par' dir='ltr' id='par_1_4' title="bbox 82 2269 1610 2433">
     <span class='ocr_line' id='line_1_30' title="bbox 218 2269 1610 2315; baseline -0.001 -11"><span class='ocrx_word' id='word_1_242' title='bbox 218 2272 231 2292; x_wconf 81' lang='lat'><strong>²</strong></span> <span class='ocrx_word' id='word_1_243' title='bbox 258 2275 469 2314; x_wconf 77' lang='grc' dir='ltr'><em>Βοηθεῖσαν</em></span> <span class='ocrx_word' id='word_1_244' title='bbox 497 2271 594 2315; x_wconf 88' lang='lat' dir='ltr'>cod.;</span> <span class='ocrx_word' id='word_1_245' title='bbox 621 2282 714 2305; x_wconf 87' lang='lat' dir='ltr'>corr.</span> <span class='ocrx_word' id='word_1_246' title='bbox 731 2270 881 2305; x_wconf 85' lang='lat' dir='ltr'>Barncs.</span> <span class='ocrx_word' id='word_1_247' title='bbox 919 2270 1111 2305; x_wconf 87' lang='lat' dir='ltr'>Traditam</span> <span class='ocrx_word' id='word_1_248' title='bbox 1130 2271 1325 2305; x_wconf 88' lang='lat' dir='ltr'>lectionem</span> <span class='ocrx_word' id='word_1_249' title='bbox 1342 2270 1515 2304; x_wconf 78' lang='lat' dir='ltr'>VVelcker</span> <span class='ocrx_word' id='word_1_250' title='bbox 1533 2269 1571 2313; x_wconf 91' lang='lat' dir='ltr'>(l.</span> <span class='ocrx_word' id='word_1_251' title='bbox 1587 2270 1610 2303; x_wconf 89' lang='lat' dir='ltr'>l.</span> 
     </span>
     <span class='ocr_line' id='line_1_31' title="bbox 82 2328 1610 2376; baseline -0.002 -11"><span class='ocrx_word' id='word_1_252' title='bbox 82 2342 118 2376; x_wconf 91' lang='lat' dir='ltr'>p.</span> <span class='ocrx_word' id='word_1_253' title='bbox 145 2330 229 2374; x_wconf 85' lang='lat'>395)</span> <span class='ocrx_word' id='word_1_254' title='bbox 248 2329 432 2364; x_wconf 77' lang='lat' dir='ltr'>defendit.</span> <span class='ocrx_word' id='word_1_255' title='bbox 472 2330 545 2364; x_wconf 87' lang='lat' dir='ltr'>Sed</span> <span class='ocrx_word' id='word_1_256' title='bbox 570 2330 740 2364; x_wconf 84' lang='lat' dir='ltr'>insolitae</span> <span class='ocrx_word' id='word_1_257' title='bbox 767 2329 906 2363; x_wconf 85' lang='lat' dir='ltr'>formae</span> <span class='ocrx_word' id='word_1_258' title='bbox 933 2341 979 2364; x_wconf 88' lang='grc'>110</span> <span class='ocrx_word' id='word_1_259' title='bbox 1005 2332 1112 2374; x_wconf 88' lang='lat' dir='ltr'>aptus</span> <span class='ocrx_word' id='word_1_260' title='bbox 1141 2329 1290 2373; x_wconf 87' lang='lat' dir='ltr'>quidem</span> <span class='ocrx_word' id='word_1_261' title='bbox 1318 2340 1442 2362; x_wconf 89' lang='lat' dir='ltr'>sensus</span> <span class='ocrx_word' id='word_1_262' title='bbox 1468 2328 1610 2372; x_wconf 89' lang='lat' dir='ltr'>subest;</span> 
     </span>
     <span class='ocr_line' id='line_1_32' title="bbox 83 2389 518 2433; baseline -0.005 -9"><span class='ocrx_word' id='word_1_263' title='bbox 83 2389 128 2424; x_wconf 81' lang='lat' dir='ltr'>cf.</span> <span class='ocrx_word' id='word_1_264' title='bbox 154 2389 274 2424; x_wconf 87' lang='lat' dir='ltr'>Hiller</span> <span class='ocrx_word' id='word_1_265' title='bbox 299 2389 322 2423; x_wconf 95' lang='lat' dir='ltr'>l.</span> <span class='ocrx_word' id='word_1_266' title='bbox 347 2389 371 2422; x_wconf 92' lang='lat' dir='ltr'>l.</span> <span class='ocrx_word' id='word_1_267' title='bbox 398 2401 434 2433; x_wconf 92' lang='lat' dir='ltr'>p.</span> <span class='ocrx_word' id='word_1_268' title='bbox 463 2390 518 2424; x_wconf 85' lang='lat'>36.</span> 
     </span>
    </p>

    <p class='ocr_par' dir='ltr' id='par_1_5' title="bbox 217 2444 1610 2492">
     <span class='ocr_line' id='line_1_33' title="bbox 217 2444 1610 2492; baseline -0.003 -11"><span class='ocrx_word' id='word_1_269' title='bbox 217 2446 230 2466; x_wconf 81' lang='lat'>⁸</span> <span class='ocrx_word' id='word_1_270' title='bbox 255 2447 365 2482; x_wconf 87' lang='lat' dir='ltr'>Prior</span> <span class='ocrx_word' id='word_1_271' title='bbox 378 2447 571 2492; x_wconf 87' lang='lat' dir='ltr'>Euripidis</span> <span class='ocrx_word' id='word_1_272' title='bbox 586 2447 760 2481; x_wconf 85' lang='lat' dir='ltr'>Phaedra</span> <span class='ocrx_word' id='word_1_273' title='bbox 780 2467 821 2471; x_wconf 98' lang='lat'>—</span> <span class='ocrx_word' id='word_1_274' title='bbox 842 2459 927 2481; x_wconf 84' lang='lat' dir='ltr'>nam</span> <span class='ocrx_word' id='word_1_275' title='bbox 953 2446 998 2481; x_wconf 89' lang='lat' dir='ltr'>de</span> <span class='ocrx_word' id='word_1_276' title='bbox 1024 2446 1203 2490; x_wconf 85' lang='lat' dir='ltr'>Sophocle</span> <span class='ocrx_word' id='word_1_277' title='bbox 1230 2457 1303 2479; x_wconf 89' lang='lat' dir='ltr'>non</span> <span class='ocrx_word' id='word_1_278' title='bbox 1332 2444 1488 2489; x_wconf 87' lang='lat' dir='ltr'>amplius</span> <span class='ocrx_word' id='word_1_279' title='bbox 1513 2444 1610 2490; x_wconf 82' lang='lat' dir='ltr'>cogi-</span> 
     </span>
    </p>
   </div>
   <div class='ocr_carea' id='block_1_4' title="bbox 19 2499 1610 2550">
    <p class='ocr_par' dir='ltr' id='par_1_6' title="bbox 19 2499 1610 2550">
     <span class='ocr_line' id='line_1_34' title="bbox 19 2499 1610 2550; baseline -0.003 -9"><span class='ocrx_word' id='word_1_280' title='bbox 19 2499 21 2502; x_wconf 42' lang='lat'><strong>⁴</strong></span> <span class='ocrx_word' id='word_1_281' title='bbox 82 2505 180 2541; x_wconf 88' lang='lat' dir='ltr'>tabis</span> <span class='ocrx_word' id='word_1_282' title='bbox 207 2526 250 2531; x_wconf 96' lang='lat'>—</span> <span class='ocrx_word' id='word_1_283' title='bbox 276 2518 351 2541; x_wconf 89' lang='lat' dir='ltr'>una</span> <span class='ocrx_word' id='word_1_284' title='bbox 368 2506 570 2541; x_wconf 88' lang='lat' dir='ltr'>ulciscendi</span> <span class='ocrx_word' id='word_1_285' title='bbox 596 2506 801 2550; x_wconf 88' lang='lat' dir='ltr'>cupiditate</span> <span class='ocrx_word' id='word_1_286' title='bbox 828 2505 957 2539; x_wconf 90' lang='lat' dir='ltr'>debuit</span> <span class='ocrx_word' id='word_1_287' title='bbox 983 2505 1065 2549; x_wconf 82' lang='lat' dir='ltr'>rapi</span> <span class='ocrx_word' id='word_1_288' title='bbox 1092 2504 1150 2547; x_wconf 88' lang='lat' dir='ltr'>(cf.</span> <span class='ocrx_word' id='word_1_289' title='bbox 1165 2504 1336 2539; x_wconf 72' lang='lat' dir='ltr'>VVelcker</span> <span class='ocrx_word' id='word_1_290' title='bbox 1362 2503 1383 2538; x_wconf 94' lang='lat' dir='ltr'>l.</span> <span class='ocrx_word' id='word_1_291' title='bbox 1407 2503 1429 2537; x_wconf 94' lang='lat' dir='ltr'>l.</span> <span class='ocrx_word' id='word_1_292' title='bbox 1456 2514 1491 2547; x_wconf 91' lang='lat' dir='ltr'>p.</span> <span class='ocrx_word' id='word_1_293' title='bbox 1516 2503 1610 2546; x_wconf 88' lang='grc'><strong>478).</strong></span> 
     </span>
    </p>
   </div>
   <div class='ocr_carea' id='block_1_5' title="bbox 0 3018 72 3310">
    <p class='ocr_par' dir='ltr' id='par_1_7' title="bbox 0 3018 72 3310">
     <span class='ocr_line' id='line_1_35' title="bbox 0 3018 72 3310; baseline 0 0"><span class='ocrx_word' id='word_1_294' title='bbox 0 3018 72 3310; x_wconf 95' lang='lat' dir='ltr'> </span> 
     </span>
    </p>
   </div>
   <div class='ocr_carea' id='block_1_6' title="bbox 82 2561 1611 2844">
    <p class='ocr_par' dir='ltr' id='par_1_8' title="bbox 82 2561 1611 2844">
     <span class='ocr_line' id='line_1_36' title="bbox 83 2561 1611 2607; baseline -0.003 -8"><span class='ocrx_word' id='word_1_295' title='bbox 83 2564 213 2599; x_wconf 83' lang='lat' dir='ltr'>Altera</span> <span class='ocrx_word' id='word_1_296' title='bbox 238 2564 371 2599; x_wconf 89' lang='lat' dir='ltr'>misere</span> <span class='ocrx_word' id='word_1_297' title='bbox 396 2568 505 2599; x_wconf 88' lang='lat' dir='ltr'>nutat</span> <span class='ocrx_word' id='word_1_298' title='bbox 530 2565 628 2599; x_wconf 89' lang='lat' dir='ltr'>inter</span> <span class='ocrx_word' id='word_1_299' title='bbox 654 2564 819 2598; x_wconf 84' lang='lat' dir='ltr'>diversos</span> <span class='ocrx_word' id='word_1_300' title='bbox 846 2564 1010 2607; x_wconf 80' lang='lat' dir='ltr'>affectus,</span> <span class='ocrx_word' id='word_1_301' title='bbox 1048 2564 1086 2597; x_wconf 90' lang='lat' dir='ltr'>in</span> <span class='ocrx_word' id='word_1_302' title='bbox 1119 2575 1190 2607; x_wconf 85' lang='lat' dir='ltr'>qua</span> <span class='ocrx_word' id='word_1_303' title='bbox 1229 2575 1268 2597; x_wconf 85' lang='lat' dir='ltr'>re</span> <span class='ocrx_word' id='word_1_304' title='bbox 1294 2561 1526 2596; x_wconf 88' lang='lat' dir='ltr'>incommoda</span> <span class='ocrx_word' id='word_1_305' title='bbox 1556 2572 1611 2596; x_wconf 90' lang='lat' dir='ltr'>re-</span> 
     </span>
     <span class='ocr_line' id='line_1_37' title="bbox 82 2621 1610 2668; baseline -0.003 -10"><span class='ocrx_word' id='word_1_306' title='bbox 82 2623 331 2663; x_wconf 82' lang='lat' dir='ltr'>tractationis,</span> <span class='ocrx_word' id='word_1_307' title='bbox 371 2635 465 2667; x_wconf 88' lang='lat' dir='ltr'>quae</span> <span class='ocrx_word' id='word_1_308' title='bbox 489 2623 716 2668; x_wconf 87' lang='lat' dir='ltr'>pudentibus</span> <span class='ocrx_word' id='word_1_309' title='bbox 743 2623 873 2657; x_wconf 86' lang='lat' dir='ltr'>animis</span> <span class='ocrx_word' id='word_1_310' title='bbox 902 2622 1139 2657; x_wconf 86' lang='lat' dir='ltr'>satisfactura</span> <span class='ocrx_word' id='word_1_311' title='bbox 1176 2625 1271 2665; x_wconf 88' lang='lat' dir='ltr'>erat,</span> <span class='ocrx_word' id='word_1_312' title='bbox 1307 2621 1374 2655; x_wconf 87' lang='lat' dir='ltr'>sub</span> <span class='ocrx_word' id='word_1_313' title='bbox 1401 2621 1526 2655; x_wconf 88' lang='lat' dir='ltr'>oculos</span> <span class='ocrx_word' id='word_1_314' title='bbox 1552 2631 1610 2654; x_wconf 88' lang='lat' dir='ltr'>ca-</span> 
     </span>
     <span class='ocr_line' id='line_1_38' title="bbox 84 2678 1608 2725; baseline -0.003 -9"><span class='ocrx_word' id='word_1_315' title='bbox 84 2681 187 2716; x_wconf 86' lang='lat' dir='ltr'>dunt.</span> <span class='ocrx_word' id='word_1_316' title='bbox 236 2682 349 2716; x_wconf 88' lang='lat' dir='ltr'>Modo</span> <span class='ocrx_word' id='word_1_317' title='bbox 382 2683 480 2716; x_wconf 89' lang='lat' dir='ltr'>enim</span> <span class='ocrx_word' id='word_1_318' title='bbox 506 2683 710 2717; x_wconf 86' lang='lat' dir='ltr'>liberorum</span> <span class='ocrx_word' id='word_1_319' title='bbox 737 2681 946 2715; x_wconf 86' lang='lat' dir='ltr'>rationibus</span> <span class='ocrx_word' id='word_1_320' title='bbox 972 2680 1182 2725; x_wconf 87' lang='lat' dir='ltr'>prospicere</span> <span class='ocrx_word' id='word_1_321' title='bbox 1208 2680 1289 2714; x_wconf 82' lang='lat' dir='ltr'>vult</span> <span class='ocrx_word' id='word_1_322' title='bbox 1314 2692 1348 2714; x_wconf 91' lang='lat' dir='ltr'>v.</span> <span class='ocrx_word' id='word_1_323' title='bbox 1376 2679 1457 2722; x_wconf 88' lang='lat'><strong>717,</strong></span> <span class='ocrx_word' id='word_1_324' title='bbox 1499 2678 1608 2712; x_wconf 90' lang='lat' dir='ltr'>modo</span> 
     </span>
     <span class='ocr_line' id='line_1_39' title="bbox 84 2736 1611 2786; baseline -0.003 -11"><span class='ocrx_word' id='word_1_325' title='bbox 84 2744 233 2775; x_wconf 86' lang='lat' dir='ltr'>veretur</span> <span class='ocrx_word' id='word_1_326' title='bbox 258 2741 298 2774; x_wconf 91' lang='lat' dir='ltr'>in</span> <span class='ocrx_word' id='word_1_327' title='bbox 322 2744 558 2786; x_wconf 85' lang='lat' dir='ltr'>conspectum</span> <span class='ocrx_word' id='word_1_328' title='bbox 582 2740 715 2775; x_wconf 87' lang='lat' dir='ltr'>Thesei</span> <span class='ocrx_word' id='word_1_329' title='bbox 740 2740 877 2774; x_wconf 90' lang='lat' dir='ltr'>reverti</span> <span class='ocrx_word' id='word_1_330' title='bbox 896 2753 929 2774; x_wconf 82' lang='lat' dir='ltr'>v.</span> <span class='ocrx_word' id='word_1_331' title='bbox 950 2740 1019 2773; x_wconf 84' lang='lat'>719</span> <span class='ocrx_word' id='word_1_332' title='bbox 1037 2751 1102 2783; x_wconf 90' lang='lat' dir='ltr'>sq.,</span> <span class='ocrx_word' id='word_1_333' title='bbox 1130 2738 1238 2773; x_wconf 90' lang='lat' dir='ltr'>modo</span> <span class='ocrx_word' id='word_1_334' title='bbox 1257 2750 1291 2772; x_wconf 90' lang='lat' dir='ltr'>v.</span> <span class='ocrx_word' id='word_1_335' title='bbox 1308 2739 1377 2772; x_wconf 79' lang='lat'>728</span> <span class='ocrx_word' id='word_1_336' title='bbox 1395 2749 1447 2782; x_wconf 91' lang='lat' dir='ltr'>sq.</span> <span class='ocrx_word' id='word_1_337' title='bbox 1510 2736 1611 2780; x_wconf 78' lang='lat' dir='ltr'>Quae</span> 
     </span>
     <span class='ocr_line' id='line_1_40' title="bbox 84 2795 1608 2844; baseline -0.003 -11"><span class='ocrx_word' id='word_1_338' title='bbox 84 2799 207 2833; x_wconf 86' lang='lat' dir='ltr'>omnia</span> <span class='ocrx_word' id='word_1_339' title='bbox 231 2799 352 2834; x_wconf 85' lang='lat' dir='ltr'>Diana</span> <span class='ocrx_word' id='word_1_340' title='bbox 381 2803 510 2844; x_wconf 84' lang='lat' dir='ltr'>postea</span> <span class='ocrx_word' id='word_1_341' title='bbox 541 2799 645 2834; x_wconf 89' lang='lat' dir='ltr'>flocci</span> <span class='ocrx_word' id='word_1_342' title='bbox 681 2798 770 2832; x_wconf 83' lang='lat' dir='ltr'>facit</span> <span class='ocrx_word' id='word_1_343' title='bbox 797 2801 833 2832; x_wconf 89' lang='lat' dir='ltr'>et</span> <span class='ocrx_word' id='word_1_344' title='bbox 859 2798 1061 2840; x_wconf 87' lang='lat' dir='ltr'>mulierem,</span> <span class='ocrx_word' id='word_1_345' title='bbox 1102 2809 1195 2841; x_wconf 85' lang='lat' dir='ltr'>quae</span> <span class='ocrx_word' id='word_1_346' title='bbox 1229 2796 1347 2832; x_wconf 84' lang='lat' dir='ltr'>multa</span> <span class='ocrx_word' id='word_1_347' title='bbox 1373 2799 1454 2831; x_wconf 87' lang='lat' dir='ltr'>erat</span> <span class='ocrx_word' id='word_1_348' title='bbox 1480 2796 1518 2830; x_wconf 89' lang='lat' dir='ltr'>in</span> <span class='ocrx_word' id='word_1_349' title='bbox 1546 2795 1608 2829; x_wconf 89' lang='lat' dir='ltr'>ho-</span> 
     </span>
    </p>
   </div>
   <div class='ocr_carea' id='block_1_7' title="bbox 84 2856 1346 2946">
    <p class='ocr_par' dir='ltr' id='par_1_9' title="bbox 84 2856 1346 2946">
     <span class='ocr_line' id='line_1_41' title="bbox 84 2856 1116 2902; baseline -0.002 -10"><span class='ocrx_word' id='word_1_350' title='bbox 84 2857 261 2894; x_wconf 85' lang='lat' dir='ltr'>norificae</span> <span class='ocrx_word' id='word_1_351' title='bbox 287 2859 418 2893; x_wconf 90' lang='lat' dir='ltr'>mortis</span> <span class='ocrx_word' id='word_1_352' title='bbox 445 2859 619 2902; x_wconf 87' lang='lat' dir='ltr'>consiliis,</span> <span class='ocrx_word' id='word_1_353' title='bbox 645 2858 738 2892; x_wconf 86' lang='lat' dir='ltr'>meri</span> <span class='ocrx_word' id='word_1_354' title='bbox 764 2857 908 2891; x_wconf 88' lang='lat' dir='ltr'>timoris</span> <span class='ocrx_word' id='word_1_355' title='bbox 935 2856 1116 2901; x_wconf 84' lang='lat' dir='ltr'>coarguit-</span> 
     </span>
     <span class='ocr_line' id='line_1_42' title="bbox 1325 2915 1346 2946; baseline 0 0"><span class='ocrx_word' id='word_1_356' title='bbox 1325 2915 1346 2946; x_wconf 84' lang='lat'>4</span> 
     </span>
    </p>
   </div>
  </div>
 </body>
</html>
