1912 3310
1041 179 1088 212 24

304 292 472 333 Veneris
509 291 716 333 invocatio
757 292 994 346 sequeretur
1038 293 1077 333 et
1115 292 1259 334 chorus
1306 292 1390 333 vim
1431 293 1597 335 Amoris
1637 294 1828 336 laudibus

303 358 462 400 efferret
481 359 504 400 ¹.

438 424 655 479 Hippolyti
678 425 817 466 Velati
844 426 1074 477 temporum
1107 425 1264 467 invidia
1286 426 1401 467 nobis
1425 428 1585 479 ereptae
1605 427 1828 481 imaginem

303 505 395 534 cum
430 493 526 535 olim
560 506 603 534 ex
635 492 808 534 Senecae
840 491 1040 541 Phaedra,
1090 491 1226 533 Ovidii
1271 495 1420 546 quarta
1457 494 1646 546 epistula,
1693 507 1830 537 sarco-

303 560 462 614 phagis,
494 560 820 613 fragmentorum
843 559 1017 611 denique
1040 560 1294 601 servatorum
1318 560 1463 601 laceris
1485 560 1685 612 frustulis,
1715 562 1830 603 testi-

304 627 452 669 moniis
496 627 557 667 his
603 627 747 666 mutua
780 625 997 667 concordia
1042 639 1082 667 se
1114 626 1454 668 confirmantibus
1498 628 1754 682 invicemque
1790 640 1831 670 se

301 695 513 735 tuentibus
543 693 824 746 redintegrare
855 694 1025 734 conatus
1056 706 1195 747 essem,
1238 694 1305 735 via
1337 707 1360 735 a
1383 694 1703 736 Wilamowitzio
1736 695 1781 746 (l.
1804 695 1829 737 l.

303 775 339 814 p.
361 762 440 802 154
470 761 519 802 cf.
539 774 574 814 p.
595 760 694 812 209)
723 760 901 801 breviter
931 760 1128 810 indicata,
1176 761 1278 802 Leo2
1313 761 1476 802 interim
1499 761 1832 814 circumspectius

302 829 382 870 toti
412 829 506 869 huic
537 827 770 881 quaestioni
816 827 934 868 firma
982 827 1249 868 fundamenta
1289 827 1528 877 substruxit,
1576 828 1623 868 ut
1667 840 1755 869 eam
1787 840 1832 869 ex

301 895 561 937 incunabulis
595 895 724 935 denuo
759 895 939 947 repetere
970 895 1265 947 supersedeam,
1305 908 1354 937 ne
1389 897 1482 936 acta
1521 907 1641 947 agere
1677 895 1830 937 videar.

303 963 409 1004 Usus
446 963 553 1003 enim
592 962 654 1015 iis,
706 974 809 1015 quae
847 961 1041 1009 iudicavi,
1086 962 1278 1003 subsidiis
1323 962 1522 1004 nonnulla
1560 963 1696 1015 capita
1736 975 1833 1004 con-

303 1029 426 1070 clusit
467 1029 514 1071 de
554 1029 717 1071 fabulae
758 1029 1017 1079 oeconomia,
1065 1029 1105 1070 id
1152 1030 1379 1071 rectissime
1422 1029 1540 1071 firmo
1587 1030 1832 1083 argumento

304 1097 416 1138 nisus
448 1096 661 1138 affirmans
692 1110 728 1149 p.
751 1097 847 1137 176:
881 1096 1104 1138 verisimile
1135 1109 1230 1150 esse,
1263 1097 1296 1137 si
1329 1096 1480 1138 Seneca
1512 1097 1717 1149 congruat
1740 1109 1833 1138 cum

303 1164 450 1205 Ovidio
473 1165 514 1204 in
537 1164 599 1217 iis,
633 1176 736 1217 quae
765 1164 815 1205 ad
832 1163 1045 1204 Phaedrae
1077 1176 1208 1205 mores
1240 1164 1360 1205 aliter
1391 1177 1515 1217 quam
1546 1164 1587 1204 in
1606 1164 1833 1217 Hippolyto

306 1231 511 1273 Coronato
537 1232 736 1272 formatos
767 1232 962 1283 spectent,
995 1243 1075 1272 non
1106 1232 1193 1272 tam
1215 1230 1352 1272 Ovidii
1385 1231 1604 1284 epistulam
1635 1244 1659 1272 a
1681 1230 1834 1272 Seneca

303 1313 532 1354 expressam
557 1313 653 1353 esse,
684 1313 807 1353 quam
832 1301 1051 1352 utrumque
1073 1299 1123 1340 ad
1149 1311 1404 1340 communen]
1430 1298 1584 1340 fontem
1606 1298 1833 1340 accessisse.

307 1366 500 1408 Ovidium
535 1367 699 1420 quidem
732 1367 891 1420 praeter
921 1367 1115 1407 Velatum
1149 1365 1384 1408 Coronifero
1424 1378 1542 1406 usum
1585 1377 1680 1418 esse,
1726 1364 1835 1418 quod

305 1448 374 1488 per
396 1448 436 1476 se
458 1435 677 1477 admodum
704 1436 913 1488 probabile
944 1437 1015 1486 est,
1052 1435 1145 1476 Birt
1167 1435 1261 1481 (Rh.
1280 1435 1383 1476 Mus
1401 1434 1568 1475 XXXII
1601 1446 1639 1486 p.
1658 1433 1739 1474 403
1756 1435 1833 1485 sq.)

306 1502 557 1555 probabilius
589 1503 768 1544 reddidit
798 1503 1116 1544 demonstrando
1147 1503 1310 1555 poetam
1343 1502 1575 1542 Romanum
1615 1500 1835 1542 nonnullos

304 1571 493 1611 servatae
523 1570 686 1612 fabulae
723 1571 832 1612 locos
863 1571 914 1612 ad
948 1571 1116 1612 verbum
1149 1570 1431 1623 exp1·essisse3;
1475 1581 1712 1623 quanquam
1755 1580 1835 1610 non

442 1739 452 1758 ¹
482 1738 552 1782 Qui
579 1750 704 1773 versus
732 1740 812 1773 494.
839 1741 883 1773 95
912 1742 948 1773 et
975 1740 1043 1773 500
1076 1740 1112 1773 in
1140 1739 1384 1783 suspicionem
1412 1741 1557 1782 vocant,
1587 1740 1753 1781 caveant,
1791 1749 1837 1772 ne

307 1798 561 1842 praeiudicata
589 1798 763 1842 opinione
789 1801 918 1842 poetae
948 1799 1060 1832 verba
1079 1799 1293 1833 metiantur.
1332 1798 1426 1832 Nam
1445 1798 1629 1832 nutricem
1646 1797 1837 1831 Phaedrae

307 1858 516 1892 constantia
543 1869 767 1902 magnopere
794 1857 929 1891 iratam
965 1857 1128 1892 incidere
1161 1858 1198 1891 in
1231 1857 1537 1892 contumeliosam
1573 1856 1838 1900 loquacitatem

307 1919 344 1950 et
369 1917 463 1950 irato
491 1919 636 1950 tumore
665 1917 827 1961 priorem
846 1917 1040 1960 rationem,
1068 1929 1140 1961 qua
1160 1918 1199 1950 in
1215 1918 1337 1961 prima
1355 1916 1500 1951 honesti
1521 1915 1838 1950 commendatione

308 1975 456 2009 foedum
489 1987 651 2009 amorem
677 1976 812 2020 posuit,
856 1976 1089 2010 abdicantem
1124 1976 1197 2010 iam
1234 1976 1432 2010 concedere
1467 1978 1576 2019 turpe
1611 1986 1698 2013 esse,
1739 1975 1838 2019 quod

307 2034 470 2077 suadeat,
509 2035 572 2069 sed
606 2035 735 2068 utilius
769 2046 880 2078 quam
911 2035 1118 2078 honestum,
1159 2035 1247 2078 quid
1280 2035 1318 2068 in
1350 2046 1392 2068 eo
1428 2034 1565 2067 mirum
1591 2037 1655 2067 aut
1680 2036 1837 2068 naturae

307 2093 544 2138 repugnans?
595 2093 730 2127 Verum
768 2097 822 2127 est
853 2094 974 2127 lenam
1007 2106 1040 2127 v.
1068 2094 1136 2127 495
1170 2104 1345 2137 spurcum
1380 2093 1650 2137 quodammodo
1677 2093 1838 2127 colorem

308 2152 432 2186 verbis
459 2152 644 2196 inducere,
683 2152 745 2186 sed
772 2153 890 2187 nostri
915 2153 1038 2196 potius
1066 2164 1189 2186 sensus
1217 2156 1271 2186 est
1299 2152 1336 2185 in
1363 2152 1499 2186 talibus
1532 2151 1680 2186 offendi.
1732 2151 1838 2186 Gloel

309 2211 425 2256 igitur
452 2212 490 2253 (l.
518 2212 540 2245 l.
567 2223 601 2256 p.
622 2213 744 2256 33‘sq.
773 2213 816 2245 52
843 2214 906 2256 sq.)
935 2212 1001 2245 hos
1027 2224 1152 2246 versus
1180 2212 1225 2246 ab
1254 2212 1501 2256 interpretum
1529 2210 1837 2254 temptationibus

308 2270 508 2314 prohibens
535 2271 823 2315 adstipulantem
849 2283 907 2305 me
933 2274 1062 2305 nactus
1090 2275 1154 2305 est.

442 2331 455 2350 ²
483 2329 521 2364 L.
547 2330 691 2363 Annaei
718 2329 874 2364 Senecae
901 2330 1116 2375 tragoediae
1144 2329 1156 2361 1
1188 2342 1221 2374 p,
1254 2329 1319 2363 173
1347 2341 1399 2373 sq.

441 2389 454 2408 ³
480 2388 645 2422 Nimium
670 2388 818 2432 quidem
844 2388 927 2423 Birt
959 2389 1093 2423 tribuit
1129 2389 1227 2431 huic,
1267 2400 1359 2432 quae
1399 2388 1596 2422 intercedit
1633 2387 1730 2422 inter
1765 2387 1838 2431 epi-

309 2446 444 2480 stulam
484 2446 674 2481 heroidem
706 2451 742 2482 et
784 2448 1041 2482 Coroniferum
1087 2448 1304 2490 similitudo,
1342 2459 1425 2481 cum
1465 2447 1562 2481 iusto
1602 2446 1837 2481 artificiosius

310 2516 436 2539 ansam
462 2517 506 2539 ex
538 2506 606 2540 hac
644 2506 801 2540 extricet
835 2506 880 2540 ad
915 2507 1163 2551 comparanda
1190 2506 1320 2541 Graeci
1351 2509 1483 2551 poetae
1516 2506 1628 2540 verba
1663 2516 1746 2540 cum
1778 2505 1837 2540 de·

309 2565 509 2609 scriptione
549 2564 751 2600 Ovidianae
790 2566 945 2609 puellae.
1011 2566 1209 2600 Contendit
1254 2566 1350 2600 enim
1389 2578 1424 2610 p.
1455 2566 1522 2599 405
1565 2567 1727 2609 poetam,
1774 2565 1837 2609 qui

309 2622 519 2657 Phaedram
551 2624 773 2658 scribentem
809 2623 943 2669 fingat:
987 2623 1063 2659 ‘ubi
1102 2638 1199 2659 nunc
1240 2625 1357 2659 fastus
1384 2625 1534 2668 altaque
1565 2624 1679 2658 verba
1704 2620 1834 2658 iacent’

308 2680 391 2725 (Ov.
429 2684 520 2725 150),
564 2683 694 2727 legisse
733 2691 859 2717 versus
898 2683 1088 2727 Euripidis
1131 2684 1199 2718 406
1233 2695 1298 2728 sq„
1340 2683 1514 2727 quoniam
1560 2682 1599 2716 in
1642 2683 1721 2726 ipsa
1763 2681 1836 2726 epi-

310 2741 408 2775 stula
448 2752 567 2784 neque
607 2741 742 2776 fastum
781 2742 1096 2787 deprehendamus
1131 2754 1249 2787 neque
1289 2743 1364 2776 alta
1397 2742 1521 2776 verba.
1571 2741 1686 2776 Immo
1719 2743 1760 2775 ut
1798 2741 1834 2774 in

313 2798 437 2833 Ovidii
464 2799 586 2834 verbis
614 2812 755 2835 merum
782 2806 1040 2836 ornamentum
1078 2803 1257 2836 eroticum
1297 2813 1546 2847 agnoscamus,
1586 2800 1715 2834 suadet
1753 2811 1836 2834 con-

311 2860 412 2892 stans
433 2858 687 2894 fabulatorum
707 2861 761 2894 rei
781 2861 984 2896 amatoriae
1002 2873 1098 2905 usus,
1125 2861 1188 2906 qui
1211 2861 1376 2896 furorem
1402 2871 1518 2905 paene
1537 2858 1733 2893 exitiosum
1750 2858 1837 2893 inde
