1912 3310
864 177 908 209 53

130 287 306 329 Theseus
338 286 488 328 Thebis
518 289 750 339 revertitur,
796 289 903 342 quod
934 289 1047 330 nullo
1078 291 1285 342 praeterea
1315 291 1550 332 testimonio
1580 289 1650 331 fir-

124 354 281 405 matur3
332 366 428 394 nam
459 354 510 395 ab
543 355 737 407 Euripide
775 355 886 407 (Hip.
921 355 1018 404 792)
1061 351 1234 408 θεωρός
1270 357 1433 397 tantum
1466 358 1647 398 vocatur.

124 418 288 460 Iuvenis
317 418 487 460 exitium
516 420 573 461 ita
606 422 811 471 narratur,
853 421 969 474 quasi
1001 422 1035 462 ei
1067 421 1284 474 Neptunus
1315 423 1456 474 sponte
1489 435 1535 463 ac
1565 422 1648 463 for-

122 485 229 526 tuito
261 497 384 526 curru
413 485 624 527 invehenti
661 488 891 527 monstrum
928 487 1160 538 immiserit,
1209 500 1311 540 quae
1350 488 1456 528 ratio
1502 488 1544 528 in
1587 487 1649 528 his

122 551 348 592 historiolis
377 552 589 594 tralaticia
624 565 647 593 a
677 553 892 606 tragoedia
924 553 1057 595 aliena
1088 555 1148 595 est
1169 553 1194 595 1.

256 616 367 658 Hinc
396 618 448 659 ad
479 618 668 660 Servium
699 620 739 660 et
774 619 979 661 inferioris
1020 621 1168 662 aetatis
1212 622 1443 663 commenta
1483 621 1648 662 descen-

123 684 288 733 damus3
317 684 388 726 ille
419 685 527 726 enim
559 685 630 737 (ad
648 685 770 738 Verg.
794 687 895 727 Aen.
924 687 989 740 VI,
1011 686 1111 740 445)
1140 700 1244 729 nova
1276 688 1434 729 ratione
1465 687 1647 729 fabulam

122 751 341 805 detorquet
385 751 436 793 ad
484 751 706 794 historicae
756 753 928 805 speciem
982 752 1276 807 πραγματείας
1334 767 1404 807 pro
1455 755 1647 807 Neptuno

123 818 309 872 Aegeum
339 820 498 872 patrem
533 820 800 873 substituens,
847 821 916 873 qui
948 821 997 862 ab
1028 821 1135 862 irato
1172 821 1257 862 filio
1295 822 1510 863 invocatus
1546 821 1648 874 Hip-

122 885 262 940 polyto
293 898 436 927 currus
466 886 647 940 agitanti
688 887 860 939 phocam
898 887 1114 929 immittat.
1174 887 1292 929 Alter
1324 888 1647 941 mythographus

123 952 351 994 Vaticanus
385 953 432 1006 (f.
467 953 564 1005 128)
597 953 784 995 Servium
818 953 1048 995 describens
1087 954 1216 1005 addit,
1255 954 1361 1007 quod
1399 954 1450 995 ad
1487 954 1647 995 intelle-

122 1019 302 1073 gendum
334 1019 517 1073 apprime
549 1021 821 1062 necessarium
854 1022 926 1074 est,
965 1021 1147 1075 Aegeum
1178 1022 1278 1063 tunc
1303 1021 1506 1062 marinum
1530 1021 1648 1062 deum

120 1086 245 1128 fuisse
257 1088 314 1156 ²3
345 1086 447 1129 Cum
478 1087 610 1142 igitur
638 1089 925 1130 monstruosus
956 1088 1028 1130 ille
1059 1089 1130 1130 bos
1163 1088 1345 1130 marinus
1378 1088 1460 1129 veri
1501 1087 1649 1129 simili—

122 1278 159 1311 p.
186 1267 256 1302 358
287 1261 392 1302 ratus
428 1270 485 1303 est
517 1268 564 1303 ad
595 1268 692 1303 idem
727 1280 819 1312 opus
851 1269 1033 1312 respicere
1059 1267 1208 1302 Suidam
1243 1279 1270 1302 s.
1297 1281 1330 1302 v.
1369 1269 1566 1315 ψιθυριστῇ
1605 1279 1648 1302 ex

124 1325 270 1370 Zopyro
295 1331 510 1362 narrantem
529 1327 711 1362 Theseum
737 1327 781 1362 de
807 1327 997 1362 Phaedrae
1024 1327 1061 1360 in
1088 1327 1333 1372 Hippolytum
1359 1328 1551 1363 calumniis
1574 1338 1648 1362 cer-

123 1384 259 1419 tiorem
284 1384 426 1420 factum
451 1385 636 1421 Mercurio
667 1387 864 1434 ψιθυριστῇ
894 1390 929 1421 et
955 1387 1085 1421 Amori
1113 1390 1148 1421 et
1175 1386 1308 1420 Veneri
1340 1387 1519 1431 templum
1550 1386 1649 1420 dedi·

124 1455 232 1479 casse.
274 1464 317 1469 —
348 1444 404 1479 De
429 1445 511 1479 aliis
539 1445 699 1480 eiusdem
727 1446 885 1479 nominis
918 1446 1161 1489 scriptoribus
1201 1444 1245 1480 cf.
1273 1445 1370 1479 Jahn
1396 1445 1508 1479 Arch.
1535 1444 1650 1478 Beitr.

124 1514 159 1548 p.
187 1504 256 1537 272
283 1503 372 1548 (41),
395 1503 529 1538 Miiller
554 1504 596 1538 F.
623 1504 667 1538 H.
696 1504 735 1538 G.
762 1504 811 1537 IV
842 1516 876 1548 p.
906 1505 983 1538 533.
1010 1524 1053 1528 —
1093 1504 1163 1538 Sed
1188 1504 1374 1548 Zopyrum
1407 1504 1524 1546 illum,
1561 1503 1648 1537 dum

123 1561 349 1596 firmioribus
367 1561 590 1596 testimoniis
615 1563 691 1596 eius
711 1563 913 1597 auctoritas
932 1562 1119 1606 fulciatur,
1149 1563 1298 1596 missum
1321 1562 1508 1605 faciamus,
1536 1573 1648 1605 quan-

124 1632 236 1664 quam
265 1631 349 1655 cum
376 1620 664 1664 W'yttenbachio
693 1621 790 1665 (Vol.
818 1622 850 1655 II
877 1622 915 1655 P.
939 1622 950 1655 l
973 1633 1004 1666 p.
1026 1623 1083 1665 78)
1119 1621 1247 1665 opiner
1278 1632 1351 1654 non
1388 1631 1511 1654 omnes
1538 1619 1649 1653 histo-

123 1679 238 1714 riolas
267 1690 387 1723 neque
413 1691 538 1715 omnes
566 1684 734 1715 auctores
761 1681 798 1714 in
825 1681 894 1715 hoc
920 1681 1044 1715 libello
1072 1679 1246 1715 confictos
1274 1691 1365 1723 esse3
1407 1679 1504 1723 quod
1539 1679 1651 1713 etiam

123 1737 255 1773 Rohde
284 1738 346 1773 Gr.
371 1738 478 1773 Rom.
504 1750 540 1783 p.
567 1740 610 1772 41
627 1740 674 1783 (8)
702 1739 903 1774 contendit.
955 1739 1048 1773 Nam
1076 1742 1248 1774 accurata
1277 1738 1504 1782 singulorum
1531 1737 1649 1781 paral-

123 1797 278 1831 lelorum
305 1798 530 1832 examinatio
558 1798 678 1833 adhuc
701 1799 952 1840 desideratum
980 1809 1089 1842 quam
1106 1798 1281 1842 Hercher‚
1309 1797 1372 1841 qui
1398 1796 1650 1840 impudentem

125 1855 319 1890 falsarium
343 1856 462 1891 libelli
487 1857 532 1891 de
546 1857 690 1892 Fluviis
719 1858 830 1892 semel
857 1857 1084 1902 profligavit.
1114 1868 1186 1891 non
1212 1855 1409 1900 praestitit.
1438 1875 1480 1879 —
1506 1856 1558 1888 At
1585 1854 1651 1888 mi-

122 1914 222 1949 nime
239 1914 418 1961 refrager,
437 1916 568 1960 siquis
587 1917 862 1951 Alexandrinae
888 1916 1007 1960 poesis
1034 1915 1196 1949 rivulum
1222 1915 1260 1948 in
1286 1918 1449 1948 nostram
1476 1913 1649 1948 fabellam

124 1973 314 2008 influxisse
335 1975 554 2019 contendat3
594 1987 666 2020 quo
700 1976 863 2020 pertinet
888 1975 1081 2009 Phaedrae
1106 1986 1205 2008 mors
1231 1976 1384 2018 propter
1411 1972 1558 2006 Amoris
1584 1973 1649 2006 im-

123 2031 346 2076 patientiam
371 2032 431 2077 (cf.
447 2032 626 2069 Stobaeus
654 2034 747 2078 1.1.);
775 2034 871 2069 idem
898 2034 942 2068 de
967 2033 1122 2077 Byblide
1147 2036 1303 2067 narrant
1330 2032 1453 2066 Conon
1478 2042 1576 2065 narr.
1603 2030 1649 2074 ΙΙ,

124 2091 212 2125 Ant.
241 2090 366 2126 Liber.
393 2091 508 2126 XXX.
548 2112 591 2117 —-
632 2092 819 2127 Falsarius
854 2096 977 2127 autem
1009 2095 1175 2126 nostram
1209 2090 1375 2125 fabulam
1408 2089 1584 2134 repetivit
1617 2088 1651 2123 d.

127 2148 235 2184 Fluv.
262 2149 327 2193 ΙΙΙ,
355 2152 394 2194 1;
420 2150 464 2185 cf.
492 2151 658 2186 Hercher
685 2151 782 2185 Plut.
809 2151 872 2185 lib.
898 2151 931 2185 d.
958 2151 1063 2185 Fluv.
1090 2162 1124 2194 p.
1149 2151 1194 2184 28
1220 2161 1271 2193 sq.

259 2208 273 2228 ¹
299 2207 477 2244 Stobaeus
504 2210 540 2253 (l.
556 2210 610 2254 l.):
641 2210 874 2255 ἓαριζομὲιόυ
893 2210 933 2243 δὲ
959 2209 1021 2243 τοῦ
1039 2204 1249 2243 Ἱππολύτου
1275 2206 1372 2250 παρὰ
1400 2204 1463 2240 τὸν
1488 2203 1652 2250 αἰγιαλὸν

124 2266 184 2309 τῆς
209 2263 400 2311 θαλάσσης
424 2269 550 2314 ταῦρος
576 2269 769 2315 ἐπιφανεὶς
795 2269 963 2310 ἑπτοίησε
990 2266 1069 2305 τοὺς
1096 2270 1229 2304 ἵππους
1255 2268 1325 2300 κτλ.
1354 2285 1396 2290 --
1424 2265 1652 2308 Interpretes

126 2325 336 2361 conticuere
362 2338 498 2368 omnes,
526 2340 738 2372 quanquam
763 2329 997 2373 ἒαριζομέιόυ
1014 2330 1140 2371 aperte
1165 2326 1380 2360 mendosum
1406 2327 1472 2358 est.
1522 2322 1651 2367 Epito-

125 2387 247 2420 mator
283 2386 439 2430 praebet
466 2387 527 2420 ἐπὶ
552 2384 713 2433 ἅρματος
740 2383 880 2432 τυχόντι
908 2387 1038 2430 ταῦρον
1070 2386 1238 2430 ἔπεμψε,
1282 2384 1353 2418 alia
1394 2383 1509 2428 igitur
1547 2381 1650 2426 legit.

126 2443 314 2479 Usitatum
341 2448 464 2480 autem
490 2446 655 2490 verbum,
696 2446 795 2490 quod
821 2449 857 2479 et
883 2457 1027 2479 sensum
1059 2444 1243 2488 epitomae
1276 2446 1313 2477 et
1344 2442 1449 2487 signa
1485 2439 1651 2475 codicum

126 2503 234 2547 plene
259 2506 297 2538 et
319 2503 483 2548 perfecte
514 2505 660 2549 reddat,
698 2504 796 2538 haud
834 2503 1090 2548 expiscaberis.
1143 2502 1248 2541 Cave,
1289 2512 1334 2535 ne
1360 2500 1405 2534 de
1431 2498 1568 2544 biiugis
1595 2509 1652 2532 co-

127 2561 242 2607 gites3
281 2574 368 2597 nam
391 2563 615 2608 Hippolytus
654 2563 914 2608 quadrigarius
953 2565 1007 2596 est
1043 2560 1240 2595 secundum
1268 2558 1512 2604 lapicidarum
1537 2557 1653 2602 picto-

128 2632 210 2654 rum
235 2624 431 2665 poetarum
456 2622 558 2666 (Eur.
573 2622 658 2666 Hip.
688 2623 789 2655 1212.
820 2621 921 2655 1229.
950 2620 1084 2665 Hygin.
1112 2619 1137 2653 f.
1165 2620 1247 2663 250)
1281 2620 1510 2652 constantem
1535 2627 1651 2650 usum.

129 2677 309 2722 Quocirca
326 2679 529 2715 Buecheler
555 2681 761 2725 suspicatur
787 2678 966 2723 elegantis
989 2677 1165 2712 sermonis
1194 2675 1445 2711 affectatorem
1464 2674 1651 2719 scripsisse

131 2737 374 2783 ἒωριζομένου
399 2739 476 2773 sive
501 2741 780 2784 ιιῗωριζοιιιένους
811 2740 1015 2781 sequuntur
1041 2737 1138 2770 enim
1162 2738 1268 2769 ἵπποι
1296 2738 1333 2770 et
1359 2731 1471 2780 ἅρμα,
1496 2736 1539 2767 ut
1564 2732 1652 2766 satis

130 2796 371 2842 intellegatur
396 2808 506 2832 curru
531 2800 711 2841 tanquam
739 2796 865 2830 volans
890 2795 1137 2840 pendensque.

264 2856 278 2877 ²
304 2855 357 2890 Cf.
381 2855 507 2891 Naeke
539 2856 583 2891 de
618 2856 705 2891 Call.
738 2855 824 2890 Hec.
861 2866 897 2899 p.
924 2855 980 2889 80.
1019 2874 1061 2878 —
1101 2852 1257 2888 Brevior
1291 2854 1347 2888 est
1386 2851 1502 2886 altera
1534 2848 1653 2884 Servii
