1912 3310
874 223 916 256 71

129 334 235 377 libro
276 333 344 384 (X,
377 332 457 374 298
486 335 565 386 sq.)
604 334 803 376 cantavit.
875 334 1044 388 Myrrha
1082 336 1224 389 igitur,
1270 337 1335 379 cui
1378 338 1462 391 ipse
1500 337 1655 392 Cupido

130 414 203 443 sua
233 400 316 443 tela
347 399 530 441 nocuisse
562 402 684 453 negat
715 414 750 442 v.
783 402 861 442 311
895 414 954 454 sq.
972 402 998 455 ¹,
1045 403 1091 443 ut
1119 403 1306 445 Phaedra
1337 404 1406 453 (cf.
1432 405 1529 447 Eur.
1558 406 1654 459 Hip.

131 469 211 509 392
244 467 322 521 sq.)
352 466 469 509 foedo
500 467 631 508 amori
665 480 893 522 repugnare
921 469 1059 510 studet
1089 483 1124 511 v.
1158 471 1238 511 319
1269 483 1341 524 sq„
1373 471 1441 512 sed
1472 485 1563 513 mox
1594 472 1651 513 in-

131 534 241 576 cesta
270 534 367 575 vota
396 533 614 585 retractat3
647 534 766 575 modo
797 535 958 576 sceleris
988 537 1140 588 pestem
1177 538 1273 578 ante
1305 537 1442 578 0011100
1479 539 1654 591 positam

130 602 306 655 effugere
344 600 446 651 vult,
488 599 608 641 mo'do
640 600 682 640 111
720 612 764 641 eo
803 602 875 654 est,
920 603 966 642 ut
1001 603 1112 656 turpi
1143 603 1361 656 cupiditati
1394 617 1538 645 manus
1573 605 1653 647 det.

130 668 198 711 Sic
218 668 329 709 inter
359 680 471 720 spem
500 667 541 707 et
573 667 845 708 conscientiae
874 668 1079 710 cruciatus
1111 669 1286 711 fluctuat
1315 683 1444 723 neque
1474 671 1559 712 ulla
1591 683 1656 712 ar-

129 734 403 789 gumentandi
446 733 607 775 ratione
652 733 900 774 consistendi
947 734 1082 776 locum
1125 736 1301 788 invenit3
1348 737 1521 790 denique
1557 732 1655 778 ‘nec

129 802 273 844 modus
308 802 348 843 et
377 801 550 854 requies,
598 799 677 841 nisi
718 812 838 850 morS,
887 801 1086 853 reperitur
1125 803 1290 843 amoris.
1349 803 1459 844 Mors
1501 796 1654 856 placet'

128 882 166 912 v.
200 869 280 910 378
310 881 369 922 sq.
406 867 595 909 Phaedra
625 867 685 908 ita
717 867 839 908 morti
873 867 1081 920 praefatur
1112 868 1208 909 Eur.
1238 869 1333 922 Hip.
1365 883 1401 911 v.
1433 870 1512 910 393
1543 882 1626 922 sq.:

329 964 380 1010 τὸ
412 963 619 1020 δεύτερον
649 966 695 1008 δὲ
724 963 800 1023 τὴν
829 955 977 1008 ἄνοιαν
1008 957 1054 1008 εὖ
1085 966 1234 1023 φέρειν

326 1037 388 1091 τῷ
414 1037 663 1091 σωφρονεῖν
693 1035 859 1076 νικῶσα
889 1032 1234 1091 προυνοησάμην.

331 1102 478 1156 τρίτον
508 1102 559 1154 δ’,
590 1099 741 1158 ἐπειδὴ
773 1102 925 1144 τοισίδ’
959 1097 1035 1144 οὐκ
1067 1099 1266 1158 ἐξήνυτον

331 1167 510 1224 Κύπριν
539 1171 764 1225 κρατῆσαι,
797 1173 1030 1211 κατθανεῖν
1064 1167 1186 1221 ἔδοξέ
1214 1185 1289 1222 μοι

328 1234 558 1292 κράτιστον
587 1261 642 1266 —-
674 1230 816 1286 οὔδε-ῖς
844 1230 1014 1288 ἀντερεῖ
1046 1260 1096 1265 -
1126 1231 1444 1288 βουλευμάτων.

131 1340 263 1393 Quam
310 1339 511 1381 moriendi
558 1338 828 1392 cupiditatem
880 1338 1022 1378 nutrix
1064 1336 1250 1390 reprimit
1296 1336 1459 1389 quidem
1504 1337 1655 1388 postea.

128 1407 250 1461 Apud
287 1406 482 1449 Ovidium
530 1418 593 1447 res
637 1418 765 1459 usque
801 1405 851 1447 ad
886 1404 1079 1458 laqueum
1116 1404 1228 1445 venit
1273 1416 1309 1446 v.
1349 1403 1429 1444 378
1465 1415 1544 1455 sq.;
1588 1403 1655 1444 sed

128 1474 266 1517 nutrix
296 1473 519 1515 intervenit
568 1486 606 1514 v.
634 1474 714 1514 382
745 1485 803 1525 sq.
849 1495 900 1500 --
942 1470 1228 1513 Perattentum
1271 1470 1408 1511 autem
1453 1469 1574 1510 velim
1616 1469 1656 1509 te

127 1541 266 1583 teneat
297 1553 343 1582 ea
373 1539 494 1591 ratio,
527 1552 609 1593 qua
630 1540 750 1593 poeta
773 1539 975 1580 nutricem
999 1537 1236 1590 desperandi
1258 1549 1423 1578 causam
1446 1536 1485 1577 et
1506 1535 1656 1577 amoris

129 1607 420 1650 confessionem
455 1620 500 1649 ex
530 1607 680 1660 puella,
721 1619 825 1660 quae
857 1606 904 1647 ut
934 1605 1122 1646 Phaedra
1153 1616 1333 1646 amorem
1365 1603 1655 1655 occultaverat,

129 1675 430 1729 exsculpentem
461 1675 672 1728 proponit;
704 1674 852 1727 quippe
874 1685 977 1726 quae
997 1671 1216 1714 manifesto
1239 1671 1290 1712 ab
1311 1669 1506 1722 Euripide
1533 1669 1655 1709 ducta

128 1742 195 1784 sit.
255 1741 408 1783 Nutrix
445 1742 555 1783 enim
595 1741 725 1782 instat
765 1740 944 1794 puellam
987 1751 1148 1792 rogans,
1196 1738 1242 1778 ut
1286 1736 1364 1778 sibi
1408 1735 1655 1787 committat,

130 1808 328 1862 quicquid
358 1808 496 1850 doleat
525 1821 563 1850 v.
596 1808 675 1849 391
708 1819 782 1859 sq„
828 1806 895 1848 sed
923 1805 1016 1847 ‘illa
1047 1806 1261 1858 rogantem
1295 1803 1482 1844 aversata
1508 1795 1657 1854 gemit'

128 1888 166 1917 v.
199 1875 280 1916 393
310 1887 370 1929 sq.
418 1874 486 1917 Sic
517 1875 704 1916 Phaedra
736 1874 886 1916 acriter
917 1873 1089 1914 instanti
1122 1870 1273 1912 nutrici
1304 1869 1462 1923 gemitu
1491 1869 1655 1909 tantum

129 1942 346 1995 respondet
378 1942 475 1983 Eur.
498 1942 595 1995 Hip.
619 1942 718 1990 300;
752 1940 962 1982 Phaedrae
992 1939 1096 1981 enim
1129 1938 1251 1979 verba
1284 1937 1400 1978 sunt:
1432 1925 1467 1975 ὦ
1501 1929 1656 1975 τάλαιν’

130 2004 225 2063 ἐγώ.
285 2008 456 2051 Ovidius
487 2009 641 2063 pergit:
684 2008 818 2050 ‘certa
861 2008 921 2049 est
964 2006 1171 2059 exquirere
1214 2004 1352 2044 nutrix
1397 2002 1482 2043 Nec
1527 2002 1655 2043 solam

130 2075 327 2130 spondere
357 2069 514 2117 fidem'.
575 2074 796 2128 Euripidea
832 2073 969 2115 nutrix
1008 2072 1178 2113 eandem
1209 2069 1497 2112 confidentiam
1533 2068 1657 2109 habet

128 2156 167 2186 V.
200 2144 304 2186 285:
336 2136 391 2184 ου’
422 2139 506 2197 μὴν
536 2135 681 2199 ἀνήσω
714 2141 748 2195 y’
780 2134 880 2182 οὐδὲ
908 2141 980 2181 νῦν
1011 2136 1278 2192 προθυμίας.
1330 2135 1432 2178 Orat
1453 2135 1525 2176 illa
1544 2134 1659 2188 puel-

130 2210 214 2252 lam
245 2223 284 2252 v.
315 2210 397 2252 395
424 2222 505 2264 sq.:

263 2417 275 2437 ¹
301 2416 467 2452 Additur
492 2428 527 2451 v.
555 2415 624 2450 313
653 2426 726 2459 sq.:

393 2474 522 2519 stipite
547 2476 584 2509 te
610 2473 738 2519 Stygio
767 2471 992 2515 tumidisque
1019 2470 1171 2505 adflavit
1197 2467 1360 2503 echidnis

395 2545 414 2568 e
439 2533 561 2568 tribus
586 2545 660 2567 una
685 2543 800 2566 soror.

130 2593 299 2628 Acumen
326 2592 397 2627 hoc
421 2604 508 2627 vere
534 2591 829 2626 Alexandrinum
856 2601 898 2623 ex
935 2587 1061 2622 eadem
1092 2584 1320 2630 imaginandi
1353 2583 1499 2617 ratione
1535 2583 1657 2616 ortum

130 2654 197 2695 est,
237 2663 282 2686 ex
311 2662 384 2695 qua
409 2650 544 2694 Erinys
570 2649 726 2684 thalami
760 2647 942 2693 pronuba,
981 2645 1126 2680 similia.
1177 2643 1231 2677 De
1264 2641 1396 2686 quibus
1436 2639 1481 2674 cf.
1509 2639 1657 2683 Dilthey

129 2710 153 2744 l.
177 2710 200 2744 1.
234 2721 270 2754 p.
295 2710 352 2744 91.
385 2710 482 2743 Ann.
510 2708 595 2743 dell’
623 2708 713 2742 Inst.
743 2707 831 2741 1869
867 2718 902 2750 p.
929 2706 974 2738 24
1000 2716 1052 2748 sq.
1080 2703 1123 2735 42
1151 2714 1202 2746 sq.
1254 2700 1380 2734 Simile
1417 2698 1507 2743 quid
1542 2698 1658 2732 latere

128 2768 278 2804 videtur
302 2768 340 2802 in
367 2767 529 2802 Choricii
555 2767 678 2801 verbis
708 2765 815 2800 foede
843 2763 1023 2798 mutilatis
1053 2773 1132 2796 eam
1167 2771 1348 2802 scaenam,
1388 2758 1426 2791 111
1462 2769 1533 2801 qua
1568 2767 1657 2790 anus

129 2827 370 2872 Hippolytum
395 2826 483 2866 adit,
511 2824 805 2860 describentibus
833 2822 962 2866 (Boiss.
990 2832 1025 2865 p.
1056 2820 1155 2864 165):
1183 2814 1352 2852 ([ππόλυτ
1379 2842 1528 2851 .....
1563 2811 1655 2860 τάχα

131 2885 293 2932 συμβολῇ
315 2881 574 2931 συνεχόμενον,
600 2881 643 2917 ὃν
668 2880 731 2916 οὐκ
749 2877 870 2926 Ἔρως,
901 2879 950 2917 ὠς
974 2879 1101 2919 ἔοικεν,
1129 2875 1204 2910 ἀλλ’
1228 2873 1385 2921 Ἐριννὺς
1404 2898 1522 2909 .....
