1912 3310
864 197 885 229 7

109 312 243 354 ditum
288 311 424 352 cultus
469 311 672 364 quendam
718 323 838 351 usum
876 322 1066 351 revocare
1110 308 1328 358 studueris,
1373 309 1419 348 ut
1451 307 1640 349 Welcker

107 379 195 433 (Kl.
226 378 396 421 Schrift.
426 378 469 419 II
498 391 533 431 p.
563 378 663 428 472)
711 377 942 431 elegantius
985 390 1109 430 quam
1154 376 1304 417 rectius
1352 375 1453 416 mihi
1498 375 1640 416 fecisse

108 445 713 501 videtur„interpretationem
746 446 890 487 multis
929 445 1247 486 difficultatibus
1284 443 1539 485 obstructam
1576 442 1640 482 in-

108 513 258 556 venies.
319 513 466 565 Itaque
500 513 663 554 malunt
698 513 824 566 vulgo
855 526 891 553 v.
925 513 1085 554 79—81
1123 524 1194 565 pro
1237 509 1468 553 subditiciis
1506 521 1639 550 remo-

110 593 204 622 vere
220 582 244 623 ¹.
303 579 382 622 Sed
419 579 598 632 optimus
638 580 808 633 quisque
845 582 965 633 poeta
1003 580 1108 621 hanc
1147 579 1224 620 sibi
1258 577 1486 619 vindicavit
1516 575 1640 616 liber-

108 648 253 696 tatem,
299 647 346 689 ut
382 648 496 688 extra
533 646 720 688 veritatis
759 646 857 688 fines
896 646 1197 700 quodammodo
1243 657 1427 699 egressus
1473 641 1640 684 aliunde

109 715 444 757 ornamentorum
474 713 631 755 lumina
674 713 939 766 depromeret,
991 714 1138 767 quibus
1178 712 1325 754 audaci
1368 710 1641 752 translatione

108 783 214 824 hanc
244 781 374 824 vitam
407 782 630 824 exornaret.
690 780 838 834 Itaque
860 781 1061 822 contendo
1083 780 1271 833 Euripidi
1295 790 1457 831 campos
1481 777 1640 830 Elysios

110 849 346 891 obversatos
377 860 474 902 esse,
505 848 548 889 in
580 847 729 901 quibus
758 860 849 888 cum
882 848 1011 889 beatis
1033 847 1150 888 flores
1172 846 1382 899 decerpere
1404 846 1443 886 et
1466 844 1639 886 corollas

108 917 269 958 nectere
311 915 462 957 licebat
478 917 506 965 ²,
561 916 650 956 tum
693 915 755 965 iis,
805 916 876 968 qui
923 915 1126 969 mysteriis
1171 913 1328 954 initiati
1372 913 1505 953 essent
1523 913 1549 959 3,
1594 912 1642 951 ut

108 984 286 1026 testatur
317 982 607 1036 Aristophanis
650 982 873 1024 scholiasta
911 982 962 1023 ad
1001 982 1104 1023 Ran.
1141 994 1179 1022 v.
1213 982 1313 1022 344:
1363 976 1522 1031 λειμών
1561 974 1638 1032 γὰρ

111 1048 334 1093 ἀνάκειται
365 1048 436 1091 καὶ
464 1042 579 1104 ἄνθη
609 1048 808 1102 ἀνειμένα
839 1051 932 1098 τοῖς
961 1044 1142 1101 μύσταις
1174 1047 1216 1089 εἶν
1245 1049 1307 1102 τῷ
1332 1046 1485 1101 πεδίῳ.
1516 1045 1641 1100 δηλοῖ

109 1118 157 1160 δὲ
178 1117 248 1163 καὶ
269 1116 498 1174 Σοφοκλῆς
529 1118 627 1171 (frg.
650 1117 763 1169 805).
824 1116 1014 1158 Fortasse
1044 1117 1085 1156 in
1118 1115 1370 1168 Triptolemo
1395 1114 1494 1155 haec
1525 1113 1643 1161 dixit,

110 1186 176 1228 cui
193 1185 383 1228 Welcker
407 1185 548 1238 (Trag.
567 1197 604 1238 p.
622 1185 720 1238 308)
743 1184 891 1226 tribuit
913 1184 1038 1225 etiam
1069 1183 1329 1236 praeclarum
1359 1181 1639 1235 fragmentum

51 1297 59 1311 ,
107 1254 189 1296 inc.
221 1254 322 1296 753:

853 1316 910 1368 ιῧς
939 1317 1033 1370 τρὶς
1064 1310 1206 1369 ὄλβιοι

337 1388 474 1428 κεῖνοι
502 1387 687 1440 βροτῶν,
719 1383 766 1427 οἳ
790 1387 929 1426 ταῦτα
960 1384 1217 1438 δερχθέντες
1246 1383 1343 1438 τέλη

336 1450 502 1508 μόλωσ’
536 1453 580 1504 ἐς
602 1450 778 1495 ‘Accion‘
809 1452 958 1494 τοῖσδε
987 1449 1063 1505 γὰρ
1094 1449 1246 1505 μόνοις
1276 1451 1365 1493 ἐκεῖ

342 1522 415 1577 ζῆν
447 1518 552 1573 ἔστι,
585 1523 679 1571 τοῖς
708 1520 744 1562 δ’
776 1513 943 1562 ἷὶλλοισι
977 1516 1102 1560 πάντ’
1137 1518 1225 1561 ἐκεῖ
1255 1520 1377 1561 κακά.

114 1591 252 1633 Etiam
274 1590 386 1632 Ionis
404 1588 652 1643 Sophocleae
674 1589 806 1630 exstat
827 1588 1107 1642 fragmentum
1131 1587 1263 1640 (297):
1295 1585 1338 1627 ἐν
1360 1583 1464 1636 Διὸς
1485 1581 1645 1641 κήποις

248 1761 260 1781 ¹
287 1760 339 1796 Cf.
367 1760 531 1795 Dindorf
555 1760 638 1795 adn.
660 1759 706 1794 ad
732 1759 819 1793 Eur.
846 1759 880 1792 II
906 1770 940 1802 p.
968 1758 1047 1792 276.
1099 1757 1280 1792 Barthold
1309 1756 1378 1792 Rh.
1403 1756 1496 1791 Mus.
1520 1757 1644 1791 XXXI

112 1832 148 1865 p.
165 1821 233 1854 313
260 1822 297 1853 et
323 1819 410 1854 edit.
430 1819 603 1853 Wheeler
630 1819 651 1852 l.
678 1818 701 1851 1.
727 1829 762 1862 p.
793 1819 847 1851 49.
881 1835 924 1840 -—
961 1816 1089 1850 Nauck
1116 1816 1204 1849 Eur.
1238 1815 1341 1850 Stud.
1368 1815 1403 1849 II
1431 1827 1465 1860 p.
1492 1815 1512 1849 6
1545 1816 1645 1850 delet

113 1891 226 1914 unum
249 1890 397 1913 versum
423 1879 469 1912 80
493 1877 675 1912 medelam
695 1876 949 1921 praecedentis
968 1887 1093 1909 versus
1112 1875 1151 1908 in
1169 1875 1282 1909 dubio
1301 1876 1530 1919 relinquens;
1557 1887 1643 1909 nam

114 1938 272 1973 alteram
298 1949 425 1972 versus
460 1940 607 1981 partem
636 1935 899 1980 interpolatori
931 1934 1059 1969 deberi
1094 1934 1266 1978 opinatus
1293 1933 1331 1967 in
1358 1934 1476 1968 altera
1502 1945 1570 1978 pro
1596 1933 1646 1966 ‹51-

115 1993 250 2031 δακτόν
275 1997 387 2032 scribi
413 1997 494 2030 vult
519 1991 691 2040 ἄναγνον.
719 2015 761 2019 -
789 1994 881 2028 Νο10
908 1997 1031 2028 autem
1058 1996 1174 2027 totam
1196 1992 1449 2036 quaestionem
1472 1992 1542 2026 hoc
1565 1993 1645 2027 loco

114 2059 337 2099 retractare,
380 2067 463 2090 cum
501 2055 606 2090 Gloel
647 2054 706 2097 (de
744 2054 917 2098 interpol.
958 2053 1149 2097 Hippolyt.
1189 2052 1262 2086 fab.
1303 2051 1393 2086 Eur.
1432 2063 1467 2096 p.
1503 2053 1543 2085 15
1578 2051 1644 2095 sq.)

116 2115 288 2150 omnibus
315 2115 543 2161 argumentis
571 2114 766 2158 pensitatis
798 2113 878 2148 iure
905 2112 970 2147 hos
997 2124 1122 2147 versus
1149 2112 1266 2146 tuitus
1293 2111 1350 2146 sit.
1401 2111 1468 2145 Ille
1495 2111 1646 2155 quidem

118 2174 284 2210 Porsono
311 2172 412 2212 ὅσοις
435 2187 470 2209 v.
490 2176 534 2208 79
560 2174 599 2208 in
625 2170 723 2210 ὅστις
749 2172 912 2207 mutanti
939 2172 1187 2216 adstipulatus
1214 2183 1338 2205 omnes
1357 2170 1644 2205 offensiunculas

119 2233 219 2268 haud
254 2245 440 2278 quaquam
478 2233 638 2268 removit
689 2222 700 2231 ⁶
726 2231 909 2276 Equidem
945 2231 1056 2265 aliam
1094 2230 1267 2265 medendi
1306 2230 1405 2264 viam
1444 2229 1646 2274 ingredior.

117 2293 213 2328 Nam
238 2293 363 2328 versui
389 2293 431 2326 81
461 2292 670 2326 simillimus
696 2291 835 2336 legitur
856 2290 987 2325 Bacch.
1015 2291 1095 2328 316,
1126 2289 1190 2333 qui
1219 2301 1300 2323 cum
1327 2287 1560 2322 Kirchhoffio
1587 2287 1647 2322 de-

117 2352 248 2386 lendus
274 2354 348 2396 est3
389 2351 542 2396 irrepsit
574 2362 618 2385 ex
644 2353 770 2384 nostro
802 2350 881 2384 1000
923 2348 987 2393 (of.
1015 2348 1120 2383 Gloe'l
1146 2349 1170 2381 1.
1198 2348 1246 2390 1.).
1297 2347 1378 2381 Illic
1418 2350 1541 2381 autem
1579 2358 1646 2391 pro

117 2412 260 2456 εἴληχεν
278 2410 415 2456 legitur
432 2410 583 2451 ἔνεστιν,
610 2409 710 2454 quod
736 2421 819 2443 oum
845 2408 927 2443 aliis
953 2408 1154 2453 genuinum
1182 2418 1259 2441 esse
1286 2417 1426 2440 censeo.
1476 2406 1646 2449 Amplius

117 2470 170 2504 nil
194 2470 426 2512 mutandum,
452 2469 515 2504 sed
540 2469 676 2504 rectius
702 2467 1052 2513 interpungendum,
1081 2478 1162 2501 eum
1185 2465 1387 2509 asyndeton
1411 2477 1446 2499 v.
1466 2466 1510 2498 79
1535 2463 1648 2498 offen-

119 2529 193 2563 dat.
245 2528 301 2563 Ita
326 2528 443 2573 igitur
469 2528 567 2562 hunc
592 2539 740 2562 versum
768 2539 850 2561 cum
884 2526 1124 2561 antecedente
1157 2525 1353 2570 coniunge,
1381 2524 1485 2568 quasi
1513 2519 1650 2560 τούτοις

118 2587 369 2631 interciderit3
412 2598 484 2630 qua
522 2586 666 2620 ratione
704 2589 785 2620 tota
823 2586 1024 2631 allegorica
1061 2584 1257 2619 translatio
1295 2583 1462 2628 perfecta
1499 2582 1645 2617 demum

118 2646 301 2681 redditur.
350 2645 494 2680 Deinde
518 2648 674 2690 perapte
699 2644 980 2689 interpungitur
1005 2646 1090 2688 post
1115 2641 1217 2689 ὁμῶς
1241 2655 1276 2676 v.
1302 2644 1358 2676 80.

254 2705 267 2725 ²
296 2704 349 2739 Cf.
382 2704 487 2738 Pind.
521 2703 574 2738 01.
601 2704 648 2744 ΙΙ,
682 2704 728 2737 74
759 2704 869 2748 (135).
905 2703 975 2748 frg.
1016 2703 1093 2736 106.
1129 2703 1196 2735 107
1225 2701 1264 2736 B.
1315 2700 1450 2735 Tibull.
1477 2700 1505 2740 Ι,
1533 2701 1564 2734 3.
1593 2700 1648 2733 66.

120 2777 154 2800 v.
172 2765 236 2799 61:
271 2762 363 2799 ‘fert
391 2764 527 2799 casiam
554 2775 627 2798 non
654 2763 755 2797 culta
774 2759 904 2808 seges’.
955 2761 1241 2796 PlatoAxioch.
1270 2761 1386 2794 3710:
1415 2763 1581 2793 παντοῖοι,
1609 2758 1648 2793 δὲ

120 2824 293 2872 λειμῶνες
317 2817 447 2857 ἄνθεσι
474 2824 650 2860 ποικίλοις
675 2818 911 2866 ἐαριζόμενοι.
963 2820 1017 2855 Cf.
1043 2820 1213 2864 Propert.
1240 2818 1282 2862 V,
1308 2821 1341 2853 7.
1369 2819 1414 2852 59
1433 2829 1485 2862 sq.

255 2883 268 2904 ³
296 2881 350 2917 Cf.
377 2881 482 2917 Pind.
511 2881 583 2929 frg.
614 2882 679 2916 114
705 2881 745 2917 B.
777 2881 884 2916 Plato
911 2881 933 2915 l.
959 2881 981 2915 l.
1012 2879 1161 2915 Lobeck
1186 2879 1210 2915 l.
1236 2879 1259 2914 l.
1286 2890 1321 2925 p.
1350 2878 1395 2913 69
1413 2889 1465 2923 sq.
