1912 3310
1009 215 1053 249 72

1042 326 1155 372 ‘dic‘
1185 329 1322 383 inquit
1350 325 1574 384 ‘opemque

465 409 529 438 me
559 397 645 439 sine
675 396 779 439 ferre
806 397 907 446 tibi;
939 410 1018 439 non
1052 398 1112 439 est
1141 410 1231 439 mea
1261 397 1380 450 pigra
1411 398 1606 439 senectus.

465 463 543 505 Seu
574 464 687 505 furor
718 465 790 513 est,
822 465 963 515 habeo,
997 477 1101 517 quae
1133 464 1312 506 carmine
1340 464 1455 505 sanet
1486 465 1524 505 et
1555 464 1704 515 herbis,

464 531 549 572 sive
579 531 731 584 aliquis
762 531 915 582 nocuit,
948 531 1109 584 magico
1141 531 1368 573 lustrabere
1400 531 1498 582 ritu,

463 598 525 639 ira
555 598 675 639 deum
706 598 794 639 sive
825 598 897 648 est,
929 597 1056 639 sacris
1086 598 1301 651 placabilis
1332 598 1406 640 ira.

267 663 448 715 Quorum
481 677 673 705 versuum
706 665 953 718 exemplaria
986 677 1029 706 ex
1052 665 1273 718 Euripidea
1305 665 1446 707 fabula
1476 666 1603 719 repeti
1634 666 1795 708 debent.

266 730 331 771 Ab
363 731 527 772 externa
559 731 691 773 forma
724 732 961 785 congruunt
992 745 1027 774 v.
1059 733 1140 773 293
1175 745 1256 786 sq.:

464 794 528 838 κεί
559 795 636 850 μὲν
664 801 807 847 νοσεῖς
840 814 882 839 τι
913 803 1000 839 τῶν
1030 794 1293 854 ἀπορρήτων
1323 800 1477 847 κακῶν,

464 865 658 918 γυναῖκες
687 864 781 906 αἵδε
812 862 1153 919 συγκαθιστάναι
1183 862 1329 907 νόσον·

465 928 502 972 εἰ
534 930 568 972 δ’
605 928 793 987 ἔκφορος
824 947 893 973 σοι
926 929 1131 988 συμφορὰ
1162 930 1275 985 πρὸς
1305 926 1500 986 ἄρσενας,

465 997 562 1053 λέγ’,
597 995 657 1048 (ὦς
688 996 855 1051 ἰατροῖς
887 1001 1071 1053 πρᾶγμα
1101 1001 1275 1056 μηνυθῇ
1307 999 1420 1042 τόδε.
1451 1023 1504 1028 —

465 1059 553 1106 εἷεν
571 1077 579 1085 ·
610 1065 652 1107 τί
681 1067 825 1123 σιγᾷς;
860 1066 947 1108 κτλ.

266 1133 317 1174 ab
348 1134 593 1186 argumento
625 1134 766 1187 aliqua
798 1147 843 1175 ex
876 1134 992 1187 parte
1024 1147 1060 1174 v.
1093 1134 1174 1174 478
1209 1146 1266 1186 sq.
1299 1133 1366 1182 (cf.
1400 1147 1436 1176 v.
1468 1134 1549 1174 509
1580 1134 1680 1186 sq.):

466 1197 575 1241 εἰσὶν
605 1199 639 1240 δ’
674 1198 842 1255 ἐπῳδαὶ
874 1199 944 1241 καὶ
976 1196 1097 1254 λόγοι
1128 1196 1380 1256 θελκτήριοι
1424 1199 1493 1254 (cf.
1527 1201 1600 1243 Ov.
1633 1213 1669 1242 V.
1701 1198 1800 1253 397)

265 1279 301 1307 v.
335 1266 438 1308 48οε

465 1323 492 1387 ἦ
523 1326 615 1386 τᾶρ’
650 1329 701 1374 ἂν
732 1327 820 1388 ὀψέ
850 1335 886 1388 γ’
918 1326 1071 1387 ἄνδρες
1102 1328 1315 1386 ἑξεύροιεν
1341 1325 1410 1384 ἄν,

464 1397 502 1441 εἰ
530 1396 587 1457 μὴ
616 1402 811 1454 γυναῖκες
839 1399 1030 1455 μηχανάς
1062 1396 1305 1457 εὑρήσομεν
1335 1400 1402 1452 (cf.
1429 1400 1503 1442 Ov.
1537 1413 1574 1441 V.
1602 1400 1742 1453 396)1.

264 1467 323 1507 At
354 1467 463 1520 quod
496 1468 636 1508 nutrix
668 1468 921 1521 suspicatur:
954 1481 1022 1510 seu
1054 1468 1167 1510 furor
1196 1469 1256 1509 est
1288 1491 1340 1496 —-
1364 1467 1448 1509 sive
1479 1467 1629 1521 aliquis
1659 1467 1800 1509 nocuit

266 1558 316 1563 -
354 1534 416 1575 ira
454 1534 574 1575 deum
614 1536 699 1577 sive
738 1539 798 1578 est
844 1559 909 1586 -,
956 1548 1120 1588 prorsus
1161 1535 1321 1576 easdem
1355 1534 1610 1576 coniecturas
1653 1535 1800 1576 chorus

266 1601 510 1654 Euripideus
543 1603 665 1644 antea
697 1603 744 1645 de
775 1603 987 1645 Phaedrae
1020 1603 1159 1644 morbo
1190 1603 1286 1644 iecit
1322 1615 1354 1644 v.
1389 1603 1465 1643 141
1496 1615 1569 1655 sq„
1613 1602 1689 1643 151
1723 1614 1796 1655 sq„

268 1668 345 1709 145
377 1681 435 1722 sq.

398 1736 527 1778 Poeta
560 1737 771 1779 Romanus
803 1737 947 1779 deinde
978 1738 1181 1779 nutricem
1213 1737 1343 1791 patris
1382 1737 1629 1778 mentionem
1672 1736 1800 1778 veluti

266 1815 361 1843 casu
406 1803 640 1845 inicientem
687 1804 830 1857 fingit3
875 1806 964 1846 tum
995 1805 1163 1859 Myrrha
1200 1804 1342 1846 audito
1382 1804 1500 1846 fatali
1541 1803 1800 1845 110111111οἰ11-

265 1870 456 1923 gemiscit
504 1884 541 1913 v.
589 1872 682 1912 402.
758 1872 906 1913 Eodem
955 1872 1133 1914 artificio
1179 1872 1313 1913 utitur
1353 1871 1569 1924 Euripides
1615 1884 1651 1913 v.
1697 1871 1799 1918 31ος

266 1936 373 1989 quod
397 1936 557 1988 ovidio,
591 1938 661 1991 qui
694 1951 818 1980 anum
852 1951 1031 1981 amorem
1056 1939 1305 1992 praesentire
1326 1939 1468 1980 narrat
1489 1951 1526 1980 V.
1544 1938 1638 1991 404,
1662 1950 1797 1991 equan-

266 2015 389 2056 quan]
414 2003 582 2057 Myrrha
614 2018 662 2046 ne
694 2006 815 2047 verbo
849 2006 1012 2059 quidem
1044 2019 1136 2048 eum
1163 2005 1609 2060 tetigit—Euripides
1637 2004 1799 2046 cautius

266 2070 351 2124 egit
385 2095 446 2119 —-,
492 2072 552 2113 ita
588 2073 756 2127 placuit,
803 2074 849 2114 ut
881 2073 989 2115 idem
1020 2073 1170 2115 iterum
1203 2073 1415 2115 adhiberet
1462 2086 1497 2115 v.
1528 2073 1622 2114 410.
1683 2072 1798 2113 Tunc

265 2136 437 2191 Myrrha
470 2139 496 2180 l.
526 2140 573 2181 12.

692 2209 837 2250 exiluit
870 2209 1027 2262 gremio
1060 2209 1282 2250 furibunda
1315 2209 1534 2262 torumque

467 2288 534 2317 ore
565 2288 750 2328 premens
777 2271 974 2327 ‘discede‚
1009 2288 1161 2329 precor,
1195 2275 1423 2329 miseroque
1454 2275 1600 2329 pudori

466 2336 624 2395 pa1·ce!'
656 2343 728 2385 ait.
791 2343 970 2385 Instanti
999 2340 1193 2391 ι(11800110,
1221 2343 1294 2384 aut
1325 2335 1480 2384 desine'
1511 2343 1619 2384 dixit

463 2406 693 2464 ‘quaerere‚
729 2410 827 2464 quid
859 2410 1039 2454 doleam:
1079 2410 1209 2451 scelus
1241 2410 1302 2451 est
1333 2409 1441 2463 quod
1470 2409 1572 2451 scire
1604 2403 1798 2452 laboras'.

402 2538 411 2557 ¹
440 2539 680 2584 Intellegisne
695 2539 867 2584 antiquos
885 2542 1013 2584 poetas
1030 2540 1067 2574 in
1087 2539 1378 2584 interpretandis
1397 2538 1454 2573 his
1473 2538 1639 2573 versibus
1654 2550 1798 2574 mecum

265 2597 501 2631 consentire?
540 2597 790 2643 Congruentia
818 2602 941 2634 autem
969 2611 1049 2634 cum
1070 2599 1205 2634 Ovidio
1233 2598 1399 2642 impellat
1426 2598 1550 2632 forsan
1577 2598 1798 2643 quempiam,

264 2658 306 2689 ut
332 2656 490 2690 coniciat
515 2657 580 2690 hos
610 2669 736 2692 versus
762 2659 997 2703 Euripideos,
1027 2670 1116 2703 quos
1142 2659 1234 2701 1000,
1267 2670 1339 2702 quo
1364 2669 1461 2691 nunc
1487 2657 1671 2702 leguntur,
1707 2657 1799 2692 ferri

265 2725 338 2747 non
366 2726 471 2758 posse
498 2716 670 2759 vidimus,
711 2718 829 2761 priori
862 2718 917 2751 illi
953 2718 1111 2752 nutricis
1145 2729 1227 2752 cum
1252 2716 1421 2751 Phaedra
1451 2716 1635 2760 colloquio
1664 2716 1799 2751 adscri-

264 2772 403 2807 bendos
439 2785 526 2808 esse.
579 2774 648 2809 Sed
684 2779 811 2820 aptum
846 2778 967 2812 locum
1003 2777 1143 2811 frustra
1172 2775 1461 2820 circumspiciesg
1504 2774 1656 2819 accedit,
1698 2776 1796 2819 quod

266 2830 346 2866 illic
371 2833 494 2867 omnia
521 2836 597 2867 tam
624 2835 767 2869 concise
793 2836 915 2880 posita
942 2838 1039 2880 sunt,
1080 2838 1121 2870 ut
1160 2836 1231 2869 nisi
1265 2835 1512 2878 intemperata
1544 2845 1655 2867 manu
1690 2835 1796 2877 quid-

270 2900 380 2933 quam
409 2891 521 2926 inseri
548 2896 718 2936 nequeat.
1679 2900 1682 2903 ’
