1912 3310
824 220 868 252 37

76 328 178 371 satis
206 329 353 372 habuit
382 330 549 373 addere:
579 327 812 386 ‘aberitque
833 332 943 383 diu‘,
976 333 1123 386 quibus
1153 334 1284 376 verbis
1314 336 1476 388 insuper
1495 336 1602 377 tecte

76 396 244 450 respicit
273 396 325 438 ad
356 398 641 451 Vergilianum
674 399 778 440 illud
810 399 930 453 (Aen.
963 400 1034 445 VI,
1066 400 1144 441 617
1176 402 1272 453 sq.):
1307 400 1440 443 ‘sedet
1470 403 1601 444 aeter-

77 475 258 517 numque
287 463 443 505 sedebit
464 465 609 506 Infelix
641 460 850 508 Theseus'.
895 467 1036 519 Neque
1067 467 1173 507 enim
1206 468 1333 517 video,
1368 481 1446 521 qua
1478 481 1601 510 causa

78 529 231 572 Theseo
262 530 425 572 crimini
454 532 560 587 verti
590 533 730 584 possit,
764 533 870 586 quod
902 534 1055 586 nuptiis
1086 534 1398 587 Hippodamiae,
1434 535 1480 575 de
1511 535 1600 587 qui-

76 596 150 638 bus
182 596 275 638 Birt
319 597 363 648 (1.
396 598 422 638 l.
453 611 491 651 p.
523 599 623 651 405)
671 600 840 652 cogitat,
891 602 1076 641 monstra
1116 601 1357 654 propulsans
1404 601 1598 642 virtutem

75 664 197 705 tuens
227 663 407 706 adfuerit
427 667 453 706 ¹.

209 729 362 772 Seneca
407 743 501 773 vero
547 731 589 772 in
642 732 717 773 hoc
762 733 950 774 mutandi
994 734 1201 775 licentiam
1246 735 1322 775 sibi
1368 733 1600 786 assumpsit,

77 797 185 852 quod
217 797 443 852 Hippolyto
493 810 573 839 non
617 799 794 851 amplius
839 800 882 840 in
931 812 1117 841 scaenam
1161 801 1356 853 producto
1402 801 1599 841 Theseum

77 866 286 908 absentem
321 865 454 906 filium
485 866 680 907 conviciis
709 866 976 907 incessentem
1009 866 1138 908 finxit.
1207 867 1408 908 Graecum
1440 868 1600 919 poetam

79 932 280 985 optimam
314 932 582 982 occasionem,
628 933 675 973 ut
716 932 919 973 tumidam
965 934 1161 974 sermonis
1210 933 1379 974 forensis
1424 945 1471 974 ac
1501 933 1601 973 iuris

74 999 244 1041 dicundi
302 999 537 1040 doctrinam
581 1000 837 1049 ostentaret,
900 1012 979 1040 non
1025 1000 1344 1052 praetermisisse
1394 1000 1470 1051 frg.
1520 1001 1600 1041 442

77 1065 220 1116 vincit,
252 1065 360 1119 quod
392 1078 515 1118 supra
547 1066 693 1119 attigi3
723 1065 838 1115 adde,
871 1065 977 1119 quod
999 1065 1207 1107 Romanus
1232 1066 1407 1107 Theseus
1437 1066 1602 1119 perinde

76 1133 274 1187 loquitur,
321 1133 439 1186 quasi
480 1133 589 1174 filius
621 1146 666 1174 ex
697 1132 867 1174 adverso
897 1133 977 1174 stet
1008 1146 1044 1173 v.
1077 1133 1170 1182 924,
1203 1133 1281 1174 929
1312 1145 1369 1185 sq.
1440 1132 1601 1174 Similes

33 1193 39 1209 ⁸
75 1200 250 1254 denique
281 1199 447 1241 attende
478 1213 516 1241 v.
548 1200 628 1241 915
659 1213 717 1253 sq.
750 1200 981 1252 Euripideis
1011 1200 1090 1240 948
1120 1212 1179 1252 sq.
1197 1200 1223 1240 2.

210 1267 288 1310 Sed
326 1266 529 1320 quomodo
570 1266 785 1308 Phaedra?
856 1267 959 1307 Eam
991 1279 1157 1307 manum
1189 1266 1266 1307 sibi
1302 1278 1381 1307 non
1416 1266 1603 1308 intulisse

78 1334 221 1388 utpote
264 1333 461 1375 audacem
505 1334 545 1374 et
592 1332 644 1374 ad
684 1333 835 1374 scelera
880 1345 1070 1385 pronam,
1115 1333 1336 1385 antequam
1383 1332 1603 1374 ulciscendi

79 1400 350 1454 cupiditatem
397 1400 571 1441 interitu
614 1399 794 1452 privigni
848 1399 1035 1452 explerit,
1093 1400 1138 1439 ut
1186 1399 1286 1440 bene
1332 1398 1437 1439 Weil
1487 1399 1600 1450 (Eur.

77 1481 112 1522 p.
144 1468 187 1518 4)
225 1466 430 1520 exposuit,
477 1479 549 1520 pro
589 1479 776 1508 concesso
815 1479 944 1508 sumo.
1010 1465 1135 1507 Leoni
1182 1466 1320 1506 autem
1363 1465 1602 1518 adstipulor,

77 1535 148 1589 qui
177 1547 222 1577 ex
250 1533 487 1588 argumenti
517 1534 668 1576 natura
701 1534 1017 1575 consentaneum
1055 1545 1138 1574 esse
1168 1531 1281 1572 ducit
1317 1531 1362 1583 (l.
1386 1532 1411 1573 l.
1434 1545 1470 1585 p.
1509 1532 1601 1583 179)

77 1601 309 1644 Phaedram
356 1601 448 1654 post
482 1601 659 1642 relatum
703 1601 751 1642 de
798 1600 1015 1654 Hippolyti
1067 1600 1195 1640 morte
1238 1598 1428 1639 nuntium
1463 1612 1601 1641 rursus

78 1668 352 1722 comparuisse
387 1669 428 1709 et
464 1668 589 1709 morti
630 1681 726 1710 suae
756 1667 985 1721 praefatam
1015 1679 1109 1708 esse.
1181 1665 1426 1719 Quanquam
1453 1665 1494 1706 in
1527 1666 1602 1707 hac

76 1736 315 1790 quaestione
344 1735 458 1789 pensi
488 1747 569 1776 non
601 1735 728 1777 habeo
759 1735 839 1788 frg.
873 1735 974 1775 446:

277 1792 311 1842 ὦ
342 1798 543 1855 λαμπρὸς
572 1798 706 1857 αἰθὴρ
737 1801 896 1858 ἡμέρας
926 1800 972 1841 θ’
1005 1796 1134 1853 ἁγνὸν
1164 1797 1289 1854 φάος,

274 1867 334 1918 ὥς
363 1865 436 1924 ἡδὺ
468 1867 667 1910 λεύσσειν
695 1870 791 1918 τοῖς
823 1883 868 1909 τε
901 1867 1171 1920 πράσσουσιν
1200 1864 1342 1914 καλῶς

273 1934 345 1976 καὶ
374 1936 490 1977 τοῖσι
519 1934 812 1986 δυστυχοῦσιν,
848 1924 908 1975 ὦν
937 1932 1096 1987 πέφυκ’
1132 1928 1227 1986 ἐγώ.

76 2003 189 2056 Quae
233 2003 395 2045 etiamsi
433 2003 512 2045 Leo
547 2003 635 2044 iure
676 2002 887 2044 Phaedrae
923 2002 1007 2054 dat,
1047 2002 1185 2042 tamen
1215 2000 1314 2041 haec
1351 2011 1434 2040 esse
1478 1998 1601 2039 verba

75 2072 180 2113 mori
210 2070 387 2112 volentis
435 2070 537 2112 mihi
583 2082 664 2111 non
709 2069 924 2123 persuasit.
984 2068 1102 2109 Talia
1134 2066 1318 2121 qualibet
1346 2064 1602 2116 aegritudine

76 2139 117 2181 et
146 2138 417 2181 afflictatione
445 2150 487 2179 se
516 2136 718 2179 relaxanti
748 2136 877 2178 tribui
915 2148 1029 2189 posse
1064 2135 1308 2176 documento
1349 2132 1444 2173 sunt
1474 2131 1601 2183 ipsius

76 2206 286 2247 Phaedrae
316 2205 439 2246 verba
469 2204 512 2245 in
542 2205 704 2245 servata
736 2203 875 2245 fabula
909 2216 944 2244 v.
976 2203 1073 2244 672:
1106 2199 1158 2242 ἰώ
1189 2202 1240 2254 γᾶ
1272 2198 1341 2240 καὶ
1372 2201 1477 2254 φῶς.
1506 2198 1511 2250 l
1537 2198 1602 2254 πᾷ

76 2270 176 2314 ποτ’
206 2270 392 2324 ἑξαλύξω
423 2270 570 2322 τύχας;
606 2272 646 2313 et
675 2271 783 2324 quod
815 2270 981 2312 maioris
1013 2268 1208 2310 momenti
1239 2269 1316 2317 est,
1361 2278 1491 2307 nonne
1524 2278 1599 2305 nu-

74 2339 158 2380 trix
186 2338 353 2392 perinde
388 2338 585 2392 loquitur‚
631 2351 678 2379 ac
709 2339 742 2379 si
774 2337 941 2379 alumna
981 2336 1112 2377 lucem
1147 2336 1186 2376 et
1217 2348 1312 2376 aera
1344 2333 1594 2382 desiderarit,

74 2419 112 2448 v.
145 2406 242 2447 178:
272 2404 373 2446 τόδε
403 2419 475 2446 σοι
501 2404 668 2460 φέγγος,
701 2401 900 2456 λαμπρὸς
929 2398 991 2443 ὅδ’
1023 2399 1187 2457 αἱθήρΡ
1224 2402 1425 2454 Perquam
1455 2399 1601 2441 similis

76 2473 138 2515 est
167 2471 414 2525 Sophocleae
444 2472 632 2514 Electrae
662 2471 764 2513 lucis
795 2470 1002 2512 invocatio
1045 2482 1081 2509 v.
1115 2470 1186 2510 86:
1241 2458 1277 2508 ὦ
1320 2463 1434 2522 φάος
1477 2462 1602 2519 ἁγνὸν

75 2538 147 2581 καὶ
175 2540 253 2594 γῆς
282 2536 469 2592 ἰσόμοιρ’
502 2532 582 2596 ἀήρ
619 2539 686 2590 (cf.
718 2539 814 2579 Eur.
846 2537 906 2578 El.
937 2536 1018 2587 59).

211 2658 223 2677 ¹
249 2656 294 2691 In
305 2656 428 2691 Ovidii
441 2667 533 2690 vers.
547 2656 614 2688 110
628 2653 802 2688 mendum
817 2664 891 2686 non
906 2651 1117 2685 delitescere
1141 2649 1214 2683 iam
1229 2660 1443 2693 persuasum
1463 2648 1591 2689 habeo,

76 2715 141 2750 ubi
166 2715 278 2750 Birtii
305 2715 394 2749 felix
420 2713 654 2749 coniectandi
682 2712 841 2747 facilitas
870 2710 1008 2744 frustra
1035 2709 1215 2743 medelam
1243 2708 1514 2751 circumspexit.

207 2776 220 2795 ²
245 2774 328 2808 Non
360 2774 437 2807 sine
470 2772 588 2817 specie
620 2772 697 2805 veri
733 2770 817 2804 huic
846 2768 977 2803 Thesei
1008 2767 1167 2802 orationi
1194 2766 1379 2800 adscribas
1414 2766 1484 2810 frg.
1529 2766 1600 2800 inc.

75 2833 146 2868 897
174 2836 211 2867 et
235 2833 306 2878 frg.
325 2833 406 2873 968,
434 2843 506 2875 quo
532 2831 656 2875 potuit
674 2828 869 2873 Hippolyti
895 2826 1092 2861 immodica
1119 2825 1174 2859 sui
1202 2825 1399 2859 admiratio
1427 2824 1601 2869 castigari

81 2891 142 2937 (cf.
168 2891 258 2926 Eur.
286 2891 369 2935 Hip.
397 2892 467 2926 994
492 2891 571 2935 sq.).
