<?xml version="1.0" encoding="UTF-8"?>
<!DOCTYPE html PUBLIC "-//W3C//DTD XHTML 1.0 Transitional//EN"
    "http://www.w3.org/TR/xhtml1/DTD/xhtml1-transitional.dtd">
<html xmlns="http://www.w3.org/1999/xhtml" xml:lang="en" lang="en">
 <head>
  <title>
</title>
<meta http-equiv="Content-Type" content="text/html;charset=utf-8" />
  <meta name='ocr-system' content='tesseract 3.04.00' />
  <meta name='ocr-capabilities' content='ocr_page ocr_carea ocr_par ocr_line ocrx_word'/>
</head>
<body>
  <div class='ocr_page' id='page_1' title='image "./dehippolytiseuri00kalkuoft_0038.png"; bbox 0 0 1912 3310; ppageno 0'>
   <div class='ocr_carea' id='block_1_1' title="bbox 1047 250 1095 285">
    <p class='ocr_par' dir='ltr' id='par_1_1' title="bbox 1047 250 1095 285">
     <span class='ocr_line' id='line_1_1' title="bbox 1047 250 1095 285; baseline -0.042 0"><span class='ocrx_word' id='word_1_1' title='bbox 1047 250 1095 285; x_wconf 85' lang='lat'>34</span> 
     </span>
    </p>
   </div>
   <div class='ocr_carea' id='block_1_2' title="bbox 306 357 1836 419">
    <p class='ocr_par' dir='ltr' id='par_1_2' title="bbox 306 357 1836 419">
     <span class='ocr_line' id='line_1_2' title="bbox 306 357 1836 419; baseline -0.001 -14"><span class='ocrx_word' id='word_1_2' title='bbox 306 362 558 405; x_wconf 79' lang='lat' dir='ltr'>ratiocinans</span> <span class='ocrx_word' id='word_1_3' title='bbox 595 375 632 404; x_wconf 89' lang='lat' dir='ltr'>V.</span> <span class='ocrx_word' id='word_1_4' title='bbox 671 363 771 403; x_wconf 84' lang='lat'>701:</span> <span class='ocrx_word' id='word_1_5' title='bbox 821 358 935 415; x_wconf 74' lang='grc' dir='ltr'><em>πρὸς</em></span> <span class='ocrx_word' id='word_1_6' title='bbox 972 357 1048 411; x_wconf 74' lang='grc' dir='ltr'>τὰς</span> <span class='ocrx_word' id='word_1_7' title='bbox 1084 358 1210 413; x_wconf 77' lang='grc' dir='ltr'><em>τύχας</em></span> <span class='ocrx_word' id='word_1_8' title='bbox 1250 358 1327 415; x_wconf 78' lang='grc' dir='ltr'>γὰρ</span> <span class='ocrx_word' id='word_1_9' title='bbox 1364 358 1440 411; x_wconf 81' lang='grc' dir='ltr'>τὰς</span> <span class='ocrx_word' id='word_1_10' title='bbox 1482 362 1642 419; x_wconf 77' lang='grc' dir='ltr'><strong><em>φρένας</em></strong></span> <span class='ocrx_word' id='word_1_11' title='bbox 1686 359 1836 418; x_wconf 78' lang='grc' dir='ltr'><strong><em>κεκτή-</em></strong></span> 
     </span>
    </p>
   </div>
   <div class='ocr_carea' id='block_1_3' title="bbox 307 425 1898 482">
    <p class='ocr_par' dir='ltr' id='par_1_3' title="bbox 307 425 1898 482">
     <span class='ocr_line' id='line_1_3' title="bbox 307 425 1898 482; baseline 0.001 -13"><span class='ocrx_word' id='word_1_12' title='bbox 307 431 427 482; x_wconf 71' lang='grc' dir='ltr'>μεθα</span> <span class='ocrx_word' id='word_1_13' title='bbox 443 430 465 470; x_wconf 86' lang='lat'>¹.</span> <span class='ocrx_word' id='word_1_14' title='bbox 539 427 618 470; x_wconf 99' lang='lat' dir='ltr'>Sed</span> <span class='ocrx_word' id='word_1_15' title='bbox 663 429 894 477; x_wconf 85' lang='lat' dir='ltr'>videamus,</span> <span class='ocrx_word' id='word_1_16' title='bbox 947 442 1050 482; x_wconf 90' lang='lat' dir='ltr'>quae</span> <span class='ocrx_word' id='word_1_17' title='bbox 1095 429 1333 481; x_wconf 87' lang='lat' dir='ltr'>sequantur.</span> <span class='ocrx_word' id='word_1_18' title='bbox 1414 429 1644 472; x_wconf 82' lang='lat' dir='ltr'>Phaedram</span> <span class='ocrx_word' id='word_1_19' title='bbox 1694 443 1835 471; x_wconf 90' lang='lat' dir='ltr'>rursus</span> <span class='ocrx_word' id='word_1_20' title='bbox 1893 425 1898 430; x_wconf 65' lang='grc'><strong>”</strong></span> 
     </span>
    </p>
   </div>
   <div class='ocr_carea' id='block_1_4' title="bbox 307 494 1843 2556">
    <p class='ocr_par' dir='ltr' id='par_1_4' title="bbox 307 494 1843 2556">
     <span class='ocr_line' id='line_1_4' title="bbox 307 494 1836 550; baseline 0.001 -14"><span class='ocrx_word' id='word_1_21' title='bbox 307 496 461 536; x_wconf 83' lang='lat' dir='ltr'>frustra</span> <span class='ocrx_word' id='word_1_22' title='bbox 493 494 718 536; x_wconf 89' lang='lat' dir='ltr'>transitum</span> <span class='ocrx_word' id='word_1_23' title='bbox 750 495 801 535; x_wconf 89' lang='lat' dir='ltr'>ad</span> <span class='ocrx_word' id='word_1_24' title='bbox 835 495 978 547; x_wconf 88' lang='lat' dir='ltr'>coepta</span> <span class='ocrx_word' id='word_1_25' title='bbox 1010 495 1244 547; x_wconf 79' lang='lat' dir='ltr'>exequenda</span> <span class='ocrx_word' id='word_1_26' title='bbox 1276 496 1536 547; x_wconf 84' lang='lat' dir='ltr'>quaerente-m</span> <span class='ocrx_word' id='word_1_27' title='bbox 1570 496 1836 550; x_wconf 76' lang='lat' dir='ltr'>interrumpit</span> 
     </span>
     <span class='ocr_line' id='line_1_5' title="bbox 307 561 1836 615; baseline 0.001 -12"><span class='ocrx_word' id='word_1_28' title='bbox 307 562 417 603; x_wconf 86' lang='lat' dir='ltr'>filius</span> <span class='ocrx_word' id='word_1_29' title='bbox 462 562 633 603; x_wconf 88' lang='lat' dir='ltr'>matrem</span> <span class='ocrx_word' id='word_1_30' title='bbox 682 574 770 602; x_wconf 87' lang='lat' dir='ltr'>eam</span> <span class='ocrx_word' id='word_1_31' title='bbox 822 561 994 602; x_wconf 87' lang='lat' dir='ltr'>fortuito</span> <span class='ocrx_word' id='word_1_32' title='bbox 1041 561 1252 614; x_wconf 88' lang='lat' dir='ltr'>appellans</span> <span class='ocrx_word' id='word_1_33' title='bbox 1298 573 1334 603; x_wconf 90' lang='lat' dir='ltr'>v.</span> <span class='ocrx_word' id='word_1_34' title='bbox 1369 563 1469 611; x_wconf 82' lang='lat'><em>6083</em></span> <span class='ocrx_word' id='word_1_35' title='bbox 1520 575 1600 615; x_wconf 90' lang='lat' dir='ltr'>qua</span> <span class='ocrx_word' id='word_1_36' title='bbox 1632 562 1836 605; x_wconf 87' lang='lat' dir='ltr'>invidiosa</span> 
     </span>
     <span class='ocr_line' id='line_1_6' title="bbox 309 628 1836 682; baseline 0.003 -14"><span class='ocrx_word' id='word_1_37' title='bbox 309 641 405 670; x_wconf 89' lang='lat' dir='ltr'>voce</span> <span class='ocrx_word' id='word_1_38' title='bbox 454 628 664 669; x_wconf 73' lang='lat' dir='ltr'>Phaedrae</span> <span class='ocrx_word' id='word_1_39' title='bbox 708 628 910 669; x_wconf 72' lang='lat' dir='ltr'>transitus</span> <span class='ocrx_word' id='word_1_40' title='bbox 961 629 1171 680; x_wconf 80' lang='lat' dir='ltr'>aptissime</span> <span class='ocrx_word' id='word_1_41' title='bbox 1221 629 1404 682; x_wconf 86' lang='lat' dir='ltr'>paratur.</span> <span class='ocrx_word' id='word_1_42' title='bbox 1498 629 1731 671; x_wconf 88' lang='lat' dir='ltr'>Memineris</span> <span class='ocrx_word' id='word_1_43' title='bbox 1775 642 1836 672; x_wconf 93' lang='lat' dir='ltr'>eo-</span> 
     </span>
     <span class='ocr_line' id='line_1_7' title="bbox 308 694 1837 750; baseline 0.001 -13"><span class='ocrx_word' id='word_1_44' title='bbox 308 696 398 737; x_wconf 87' lang='lat' dir='ltr'>dem</span> <span class='ocrx_word' id='word_1_45' title='bbox 438 695 613 737; x_wconf 89' lang='lat' dir='ltr'>artificio</span> <span class='ocrx_word' id='word_1_46' title='bbox 646 694 882 747; x_wconf 85' lang='lat' dir='ltr'>Euripidem</span> <span class='ocrx_word' id='word_1_47' title='bbox 936 695 978 734; x_wconf 90' lang='lat' dir='ltr'>in</span> <span class='ocrx_word' id='word_1_48' title='bbox 1023 696 1185 736; x_wconf 89' lang='lat' dir='ltr'>servata</span> <span class='ocrx_word' id='word_1_49' title='bbox 1231 695 1456 750; x_wconf 87' lang='lat' dir='ltr'>Hippolyto</span> <span class='ocrx_word' id='word_1_50' title='bbox 1505 709 1542 737; x_wconf 88' lang='lat' dir='ltr'>v.</span> <span class='ocrx_word' id='word_1_51' title='bbox 1588 697 1668 738; x_wconf 81' lang='lat'>310</span> <span class='ocrx_word' id='word_1_52' title='bbox 1717 709 1837 739; x_wconf 90' lang='lat' dir='ltr'>usum</span> 
     </span>
     <span class='ocr_line' id='line_1_8' title="bbox 308 761 1837 816; baseline 0.001 -12"><span class='ocrx_word' id='word_1_53' title='bbox 308 775 404 816; x_wconf 89' lang='lat' dir='ltr'>esse,</span> <span class='ocrx_word' id='word_1_54' title='bbox 449 762 605 803; x_wconf 86' lang='lat' dir='ltr'>scilicet</span> <span class='ocrx_word' id='word_1_55' title='bbox 648 762 695 802; x_wconf 90' lang='lat' dir='ltr'>ut</span> <span class='ocrx_word' id='word_1_56' title='bbox 738 761 875 814; x_wconf 90' lang='lat' dir='ltr'>aliquo</span> <span class='ocrx_word' id='word_1_57' title='bbox 921 762 1043 803; x_wconf 89' lang='lat' dir='ltr'>verbo</span> <span class='ocrx_word' id='word_1_58' title='bbox 1078 763 1228 803; x_wconf 89' lang='lat' dir='ltr'>temere</span> <span class='ocrx_word' id='word_1_59' title='bbox 1266 762 1532 804; x_wconf 85' lang='lat' dir='ltr'>intericiendo</span> <span class='ocrx_word' id='word_1_60' title='bbox 1563 763 1746 805; x_wconf 88' lang='lat' dir='ltr'>diverbia</span> <span class='ocrx_word' id='word_1_61' title='bbox 1775 764 1837 805; x_wconf 92' lang='lat' dir='ltr'>in-</span> 
     </span>
     <span class='ocr_line' id='line_1_9' title="bbox 308 828 1837 881; baseline 0.001 -11"><span class='ocrx_word' id='word_1_62' title='bbox 308 830 420 870; x_wconf 87' lang='lat' dir='ltr'>certe</span> <span class='ocrx_word' id='word_1_63' title='bbox 468 828 714 870; x_wconf 85' lang='lat' dir='ltr'>fluctuantia</span> <span class='ocrx_word' id='word_1_64' title='bbox 760 828 881 869; x_wconf 88' lang='lat' dir='ltr'>sistat</span> <span class='ocrx_word' id='word_1_65' title='bbox 918 828 1050 881; x_wconf 87' lang='lat' dir='ltr'>iisque</span> <span class='ocrx_word' id='word_1_66' title='bbox 1080 829 1173 869; x_wconf 86' lang='lat' dir='ltr'>inde</span> <span class='ocrx_word' id='word_1_67' title='bbox 1203 841 1367 881; x_wconf 89' lang='lat' dir='ltr'>prorsus</span> <span class='ocrx_word' id='word_1_68' title='bbox 1402 830 1604 871; x_wconf 89' lang='lat' dir='ltr'>diversam</span> <span class='ocrx_word' id='word_1_69' title='bbox 1637 831 1746 872; x_wconf 90' lang='lat' dir='ltr'>viam</span> <span class='ocrx_word' id='word_1_70' title='bbox 1777 832 1837 871; x_wconf 86' lang='lat' dir='ltr'>in-</span> 
     </span>
     <span class='ocr_line' id='line_1_10' title="bbox 308 895 1837 950; baseline 0.001 -13"><span class='ocrx_word' id='word_1_71' title='bbox 308 896 573 950; x_wconf 80' lang='lat' dir='ltr'>grediendam</span> <span class='ocrx_word' id='word_1_72' title='bbox 604 896 868 949; x_wconf 82' lang='lat' dir='ltr'>praescribat.</span> <span class='ocrx_word' id='word_1_73' title='bbox 922 895 1144 944; x_wconf 23' lang='lat' dir='ltr'>,Senecam</span> <span class='ocrx_word' id='word_1_74' title='bbox 1191 897 1329 937; x_wconf 87' lang='lat' dir='ltr'>autem</span> <span class='ocrx_word' id='word_1_75' title='bbox 1378 897 1419 937; x_wconf 89' lang='lat' dir='ltr'>in</span> <span class='ocrx_word' id='word_1_76' title='bbox 1467 897 1542 937; x_wconf 90' lang='lat' dir='ltr'>hac</span> <span class='ocrx_word' id='word_1_77' title='bbox 1583 897 1672 950; x_wconf 87' lang='lat' dir='ltr'>ipsa</span> <span class='ocrx_word' id='word_1_78' title='bbox 1708 910 1750 938; x_wconf 89' lang='lat' dir='ltr'>re</span> <span class='ocrx_word' id='word_1_79' title='bbox 1785 897 1837 938; x_wconf 90' lang='lat' dir='ltr'>ad</span> 
     </span>
     <span class='ocr_line' id='line_1_11' title="bbox 311 962 1838 1016; baseline 0 -12"><span class='ocrx_word' id='word_1_80' title='bbox 311 963 512 1004; x_wconf 88' lang='lat' dir='ltr'>Graecum</span> <span class='ocrx_word' id='word_1_81' title='bbox 541 963 748 1015; x_wconf 85' lang='lat' dir='ltr'>exemplar</span> <span class='ocrx_word' id='word_1_82' title='bbox 779 963 962 1015; x_wconf 84' lang='lat' dir='ltr'>apprime</span> <span class='ocrx_word' id='word_1_83' title='bbox 992 975 1032 1003; x_wconf 86' lang='lat' dir='ltr'>se</span> <span class='ocrx_word' id='word_1_84' title='bbox 1065 962 1333 1004; x_wconf 84' lang='lat' dir='ltr'>adstrinxisse</span> <span class='ocrx_word' id='word_1_85' title='bbox 1364 963 1444 1004; x_wconf 91' lang='lat' dir='ltr'>alio</span> <span class='ocrx_word' id='word_1_86' title='bbox 1476 966 1684 1016; x_wconf 86' lang='lat' dir='ltr'>praeterea</span> <span class='ocrx_word' id='word_1_87' title='bbox 1716 976 1838 1016; x_wconf 84' lang='lat' dir='ltr'>argu-</span> 
     </span>
     <span class='ocr_line' id='line_1_12' title="bbox 308 1029 1839 1082; baseline 0.001 -12"><span class='ocrx_word' id='word_1_88' title='bbox 308 1031 446 1071; x_wconf 91' lang='lat' dir='ltr'>mento</span> <span class='ocrx_word' id='word_1_89' title='bbox 477 1031 616 1082; x_wconf 87' lang='lat' dir='ltr'>postea</span> <span class='ocrx_word' id='word_1_90' title='bbox 647 1029 906 1082; x_wconf 84' lang='lat' dir='ltr'>proponendo</span> <span class='ocrx_word' id='word_1_91' title='bbox 935 1029 1238 1070; x_wconf 79' lang='lat' dir='ltr'>demonstrabo.</span> <span class='ocrx_word' id='word_1_92' title='bbox 1270 1052 1321 1057; x_wconf 93' lang='lat'>—</span> <span class='ocrx_word' id='word_1_93' title='bbox 1353 1029 1515 1070; x_wconf 91' lang='lat' dir='ltr'>Mavult</span> <span class='ocrx_word' id='word_1_94' title='bbox 1542 1030 1672 1082; x_wconf 77' lang='lat' dir='ltr'>igitur</span> <span class='ocrx_word' id='word_1_95' title='bbox 1705 1031 1839 1072; x_wconf 88' lang='lat' dir='ltr'>Phae-</span> 
     </span>
     <span class='ocr_line' id='line_1_13' title="bbox 309 1096 1840 1149; baseline 0.001 -12"><span class='ocrx_word' id='word_1_96' title='bbox 309 1096 383 1138; x_wconf 86' lang='lat' dir='ltr'>dra</span> <span class='ocrx_word' id='word_1_97' title='bbox 415 1097 572 1138; x_wconf 85' lang='lat' dir='ltr'>famula</span> <span class='ocrx_word' id='word_1_98' title='bbox 610 1097 748 1138; x_wconf 83' lang='lat' dir='ltr'>vocari</span> <span class='ocrx_word' id='word_1_99' title='bbox 786 1109 822 1138; x_wconf 86' lang='lat' dir='ltr'>v.</span> <span class='ocrx_word' id='word_1_100' title='bbox 856 1097 934 1137; x_wconf 84' lang='lat'>611</span> <span class='ocrx_word' id='word_1_101' title='bbox 975 1097 1099 1149; x_wconf 85' lang='lat' dir='ltr'>atque</span> <span class='ocrx_word' id='word_1_102' title='bbox 1140 1096 1239 1137; x_wconf 87' lang='lat' dir='ltr'>adeo</span> <span class='ocrx_word' id='word_1_103' title='bbox 1279 1096 1513 1149; x_wconf 81' lang='lat' dir='ltr'>privignum</span> <span class='ocrx_word' id='word_1_104' title='bbox 1554 1098 1751 1148; x_wconf 80' lang='lat' dir='ltr'>obsecrat,</span> <span class='ocrx_word' id='word_1_105' title='bbox 1793 1098 1840 1139; x_wconf 88' lang='lat' dir='ltr'>ut</span> 
     </span>
     <span class='ocr_line' id='line_1_14' title="bbox 309 1163 1839 1216; baseline 0.001 -12"><span class='ocrx_word' id='word_1_106' title='bbox 309 1164 507 1205; x_wconf 86' lang='lat' dir='ltr'>mandata</span> <span class='ocrx_word' id='word_1_107' title='bbox 544 1165 704 1216; x_wconf 87' lang='lat' dir='ltr'>sceptra</span> <span class='ocrx_word' id='word_1_108' title='bbox 744 1165 783 1205; x_wconf 84' lang='lat' dir='ltr'>et</span> <span class='ocrx_word' id='word_1_109' title='bbox 821 1176 861 1205; x_wconf 89' lang='lat' dir='ltr'>se</span> <span class='ocrx_word' id='word_1_110' title='bbox 892 1164 1093 1205; x_wconf 84' lang='lat' dir='ltr'>famulam</span> <span class='ocrx_word' id='word_1_111' title='bbox 1126 1163 1303 1216; x_wconf 88' lang='lat' dir='ltr'>accipiat</span> <span class='ocrx_word' id='word_1_112' title='bbox 1334 1177 1370 1204; x_wconf 90' lang='lat' dir='ltr'>v.</span> <span class='ocrx_word' id='word_1_113' title='bbox 1401 1164 1493 1205; x_wconf 80' lang='grc'>618.</span> <span class='ocrx_word' id='word_1_114' title='bbox 1550 1163 1713 1205; x_wconf 84' lang='lat' dir='ltr'>Similia</span> <span class='ocrx_word' id='word_1_115' title='bbox 1744 1164 1839 1206; x_wconf 88' lang='lat' dir='ltr'>Ovi-</span> 
     </span>
     <span class='ocr_line' id='line_1_15' title="bbox 309 1225 1838 1285; baseline 0.001 -14"><span class='ocrx_word' id='word_1_116' title='bbox 309 1231 431 1272; x_wconf 88' lang='lat' dir='ltr'>diana</span> <span class='ocrx_word' id='word_1_117' title='bbox 464 1231 601 1284; x_wconf 82' lang='lat' dir='ltr'>puella</span> <span class='ocrx_word' id='word_1_118' title='bbox 632 1231 761 1272; x_wconf 87' lang='lat' dir='ltr'>iactat</span> <span class='ocrx_word' id='word_1_119' title='bbox 793 1244 829 1271; x_wconf 91' lang='lat' dir='ltr'>v.</span> <span class='ocrx_word' id='word_1_120' title='bbox 856 1232 960 1272; x_wconf 79' lang='lat'>164:</span> <span class='ocrx_word' id='word_1_121' title='bbox 989 1229 1163 1272; x_wconf 79' lang='lat' dir='ltr'>‘serviat</span> <span class='ocrx_word' id='word_1_122' title='bbox 1194 1231 1417 1284; x_wconf 86' lang='lat' dir='ltr'>Hippolyto</span> <span class='ocrx_word' id='word_1_123' title='bbox 1446 1232 1559 1285; x_wconf 83' lang='lat' dir='ltr'>regia</span> <span class='ocrx_word' id='word_1_124' title='bbox 1593 1233 1682 1273; x_wconf 85' lang='lat' dir='ltr'>tota</span> <span class='ocrx_word' id='word_1_125' title='bbox 1713 1245 1802 1273; x_wconf 89' lang='lat' dir='ltr'>meo</span> <span class='ocrx_word' id='word_1_126' title='bbox 1815 1225 1838 1273; x_wconf 80' lang='lat'>³.</span> 
     </span>
     <span class='ocr_line' id='line_1_16' title="bbox 311 1297 1840 1352; baseline 0.001 -13"><span class='ocrx_word' id='word_1_127' title='bbox 311 1297 388 1340; x_wconf 85' lang='lat' dir='ltr'>Sed</span> <span class='ocrx_word' id='word_1_128' title='bbox 437 1300 548 1339; x_wconf 85' lang='lat' dir='ltr'>casto</span> <span class='ocrx_word' id='word_1_129' title='bbox 592 1298 728 1339; x_wconf 88' lang='lat' dir='ltr'>iuveni</span> <span class='ocrx_word' id='word_1_130' title='bbox 775 1310 891 1339; x_wconf 86' lang='lat' dir='ltr'>aures</span> <span class='ocrx_word' id='word_1_131' title='bbox 936 1298 986 1339; x_wconf 85' lang='lat' dir='ltr'>ad</span> <span class='ocrx_word' id='word_1_132' title='bbox 1032 1298 1232 1339; x_wconf 88' lang='lat' dir='ltr'>lenocinia</span> <span class='ocrx_word' id='word_1_133' title='bbox 1277 1297 1418 1339; x_wconf 89' lang='lat' dir='ltr'>blandi</span> <span class='ocrx_word' id='word_1_134' title='bbox 1462 1299 1633 1352; x_wconf 86' lang='lat' dir='ltr'>alloquii</span> <span class='ocrx_word' id='word_1_135' title='bbox 1679 1299 1840 1341; x_wconf 89' lang='lat' dir='ltr'>clausae</span> 
     </span>
     <span class='ocr_line' id='line_1_17' title="bbox 309 1365 1840 1419; baseline 0 -13"><span class='ocrx_word' id='word_1_136' title='bbox 309 1366 424 1417; x_wconf 84' lang='lat' dir='ltr'>sunt3</span> <span class='ocrx_word' id='word_1_137' title='bbox 458 1366 657 1418; x_wconf 77' lang='lat' dir='ltr'>praetexit</span> <span class='ocrx_word' id='word_1_138' title='bbox 691 1365 885 1418; x_wconf 86' lang='lat' dir='ltr'>pietatem</span> <span class='ocrx_word' id='word_1_139' title='bbox 917 1377 1013 1418; x_wconf 82' lang='lat' dir='ltr'>erga</span> <span class='ocrx_word' id='word_1_140' title='bbox 1035 1366 1245 1418; x_wconf 88' lang='lat' dir='ltr'>parentem</span> <span class='ocrx_word' id='word_1_141' title='bbox 1268 1366 1443 1407; x_wconf 82' lang='lat' dir='ltr'>fortasse</span> <span class='ocrx_word' id='word_1_142' title='bbox 1471 1367 1664 1419; x_wconf 86' lang='lat' dir='ltr'>sospitem</span> <span class='ocrx_word' id='word_1_143' title='bbox 1687 1379 1723 1408; x_wconf 75' lang='lat' dir='ltr'>v,</span> <span class='ocrx_word' id='word_1_144' title='bbox 1747 1366 1840 1407; x_wconf 83' lang='lat'>624.</span> 
     </span>
     <span class='ocr_line' id='line_1_18' title="bbox 310 1428 1840 1486; baseline 0.001 -13"><span class='ocrx_word' id='word_1_145' title='bbox 310 1433 397 1485; x_wconf 79' lang='lat' dir='ltr'>Quo</span> <span class='ocrx_word' id='word_1_146' title='bbox 429 1432 563 1473; x_wconf 90' lang='lat' dir='ltr'>tendit</span> <span class='ocrx_word' id='word_1_147' title='bbox 594 1432 798 1474; x_wconf 85' lang='lat' dir='ltr'>Ovidiana</span> <span class='ocrx_word' id='word_1_148' title='bbox 829 1432 965 1485; x_wconf 88' lang='lat' dir='ltr'>puella</span> <span class='ocrx_word' id='word_1_149' title='bbox 1002 1445 1038 1473; x_wconf 89' lang='lat' dir='ltr'>v.</span> <span class='ocrx_word' id='word_1_150' title='bbox 1074 1433 1175 1473; x_wconf 78' lang='lat'>127:</span> <span class='ocrx_word' id='word_1_151' title='bbox 1217 1428 1253 1473; x_wconf 73' lang='lat' dir='ltr'>‘i</span> <span class='ocrx_word' id='word_1_152' title='bbox 1285 1445 1404 1486; x_wconf 86' lang='lat' dir='ltr'>nunc,</span> <span class='ocrx_word' id='word_1_153' title='bbox 1435 1433 1493 1473; x_wconf 90' lang='lat' dir='ltr'>sic</span> <span class='ocrx_word' id='word_1_154' title='bbox 1525 1433 1660 1474; x_wconf 89' lang='lat' dir='ltr'>meriti</span> <span class='ocrx_word' id='word_1_155' title='bbox 1688 1433 1840 1475; x_wconf 90' lang='lat' dir='ltr'>lectum</span> 
     </span>
     <span class='ocr_line' id='line_1_19' title="bbox 308 1492 1838 1552; baseline -0.001 -11"><span class='ocrx_word' id='word_1_156' title='bbox 308 1512 490 1541; x_wconf 85' lang='lat' dir='ltr'>reverere</span> <span class='ocrx_word' id='word_1_157' title='bbox 515 1492 734 1552; x_wconf 80' lang='lat' dir='ltr'>parentis&#39;.</span> <span class='ocrx_word' id='word_1_158' title='bbox 794 1499 982 1540; x_wconf 80' lang='lat' dir='ltr'>Phaedra</span> <span class='ocrx_word' id='word_1_159' title='bbox 1019 1499 1157 1540; x_wconf 88' lang='lat' dir='ltr'>autem</span> <span class='ocrx_word' id='word_1_160' title='bbox 1189 1498 1358 1540; x_wconf 83' lang='lat' dir='ltr'>subinde</span> <span class='ocrx_word' id='word_1_161' title='bbox 1392 1512 1496 1540; x_wconf 89' lang='lat' dir='ltr'>nova</span> <span class='ocrx_word' id='word_1_162' title='bbox 1531 1500 1768 1552; x_wconf 85' lang='lat' dir='ltr'>periclitans</span> <span class='ocrx_word' id='word_1_163' title='bbox 1799 1501 1838 1541; x_wconf 88' lang='lat' dir='ltr'>in</span> 
     </span>
     <span class='ocr_line' id='line_1_20' title="bbox 308 1566 1843 1619; baseline 0.001 -12"><span class='ocrx_word' id='word_1_164' title='bbox 308 1567 428 1607; x_wconf 90' lang='lat' dir='ltr'>initio</span> <span class='ocrx_word' id='word_1_165' title='bbox 459 1566 590 1607; x_wconf 83' lang='lat' dir='ltr'>denuo</span> <span class='ocrx_word' id='word_1_166' title='bbox 623 1566 816 1619; x_wconf 84' lang='lat' dir='ltr'>ambigue</span> <span class='ocrx_word' id='word_1_167' title='bbox 848 1566 987 1607; x_wconf 87' lang='lat' dir='ltr'>locuta</span> <span class='ocrx_word' id='word_1_168' title='bbox 1019 1578 1056 1605; x_wconf 87' lang='lat' dir='ltr'>v.</span> <span class='ocrx_word' id='word_1_169' title='bbox 1089 1567 1169 1606; x_wconf 81' lang='grc'>636</span> <span class='ocrx_word' id='word_1_170' title='bbox 1200 1578 1273 1618; x_wconf 81' lang='lat' dir='ltr'>sq.,</span> <span class='ocrx_word' id='word_1_171' title='bbox 1318 1566 1400 1607; x_wconf 88' lang='lat' dir='ltr'>iam</span> <span class='ocrx_word' id='word_1_172' title='bbox 1433 1567 1533 1607; x_wconf 87' lang='lat' dir='ltr'>satis</span> <span class='ocrx_word' id='word_1_173' title='bbox 1564 1567 1687 1619; x_wconf 90' lang='lat' dir='ltr'>plana</span> <span class='ocrx_word' id='word_1_174' title='bbox 1719 1568 1843 1608; x_wconf 88' lang='lat' dir='ltr'>verba</span> 
     </span>
     <span class='ocr_line' id='line_1_21' title="bbox 309 1632 1841 1686; baseline 0.001 -12"><span class='ocrx_word' id='word_1_175' title='bbox 309 1633 357 1674; x_wconf 90' lang='lat' dir='ltr'>de</span> <span class='ocrx_word' id='word_1_176' title='bbox 395 1645 533 1674; x_wconf 86' lang='lat' dir='ltr'>amore</span> <span class='ocrx_word' id='word_1_177' title='bbox 578 1632 716 1685; x_wconf 87' lang='lat' dir='ltr'>aliquo</span> <span class='ocrx_word' id='word_1_178' title='bbox 759 1633 801 1673; x_wconf 86' lang='lat' dir='ltr'>in</span> <span class='ocrx_word' id='word_1_179' title='bbox 847 1634 1008 1685; x_wconf 81' lang='lat' dir='ltr'>pectore</span> <span class='ocrx_word' id='word_1_180' title='bbox 1051 1632 1255 1673; x_wconf 88' lang='lat' dir='ltr'>saeviente</span> <span class='ocrx_word' id='word_1_181' title='bbox 1305 1633 1466 1686; x_wconf 86' lang='lat' dir='ltr'>proicit,</span> <span class='ocrx_word' id='word_1_182' title='bbox 1515 1646 1638 1686; x_wconf 91' lang='lat' dir='ltr'>quam</span> <span class='ocrx_word' id='word_1_183' title='bbox 1685 1633 1841 1675; x_wconf 85' lang='lat' dir='ltr'>confes-</span> 
     </span>
     <span class='ocr_line' id='line_1_22' title="bbox 308 1699 1840 1753; baseline 0.001 -12"><span class='ocrx_word' id='word_1_184' title='bbox 308 1701 461 1741; x_wconf 87' lang='lat' dir='ltr'>sionem</span> <span class='ocrx_word' id='word_1_185' title='bbox 499 1699 749 1753; x_wconf 86' lang='lat' dir='ltr'>Hippolytus</span> <span class='ocrx_word' id='word_1_186' title='bbox 782 1712 826 1740; x_wconf 92' lang='lat' dir='ltr'>eo</span> <span class='ocrx_word' id='word_1_187' title='bbox 857 1699 1055 1747; x_wconf 81' lang='lat' dir='ltr'>sublevat,</span> <span class='ocrx_word' id='word_1_188' title='bbox 1090 1700 1135 1739; x_wconf 91' lang='lat' dir='ltr'>ut</span> <span class='ocrx_word' id='word_1_189' title='bbox 1164 1711 1381 1740; x_wconf 87' lang='lat' dir='ltr'>novercam</span> <span class='ocrx_word' id='word_1_190' title='bbox 1403 1699 1643 1752; x_wconf 84' lang='lat' dir='ltr'>interroget,</span> <span class='ocrx_word' id='word_1_191' title='bbox 1675 1700 1840 1742; x_wconf 87' lang='lat' dir='ltr'>furatne</span> 
     </span>
     <span class='ocr_line' id='line_1_23' title="bbox 310 1765 1840 1820; baseline 0 -13"><span class='ocrx_word' id='word_1_192' title='bbox 310 1767 453 1808; x_wconf 85' lang='lat' dir='ltr'>Thesei</span> <span class='ocrx_word' id='word_1_193' title='bbox 499 1779 636 1807; x_wconf 87' lang='lat' dir='ltr'>amore</span> <span class='ocrx_word' id='word_1_194' title='bbox 678 1779 715 1808; x_wconf 87' lang='lat' dir='ltr'>v.</span> <span class='ocrx_word' id='word_1_195' title='bbox 749 1768 842 1816; x_wconf 80' lang='lat'>645,</span> <span class='ocrx_word' id='word_1_196' title='bbox 888 1767 965 1808; x_wconf 91' lang='lat' dir='ltr'>hac</span> <span class='ocrx_word' id='word_1_197' title='bbox 1004 1766 1164 1807; x_wconf 87' lang='lat' dir='ltr'>ratione</span> <span class='ocrx_word' id='word_1_198' title='bbox 1194 1765 1278 1818; x_wconf 88' lang='lat' dir='ltr'>ipse</span> <span class='ocrx_word' id='word_1_199' title='bbox 1310 1766 1420 1807; x_wconf 89' lang='lat' dir='ltr'>viam</span> <span class='ocrx_word' id='word_1_200' title='bbox 1450 1767 1714 1819; x_wconf 86' lang='lat' dir='ltr'>patefaciens,</span> <span class='ocrx_word' id='word_1_201' title='bbox 1758 1779 1840 1820; x_wconf 90' lang='lat' dir='ltr'>qua</span> 
     </span>
     <span class='ocr_line' id='line_1_24' title="bbox 308 1833 1840 1888; baseline 0.001 -14"><span class='ocrx_word' id='word_1_202' title='bbox 308 1833 497 1876; x_wconf 83' lang='lat' dir='ltr'>Phaedra</span> <span class='ocrx_word' id='word_1_203' title='bbox 528 1834 624 1888; x_wconf 89' lang='lat' dir='ltr'>filio,</span> <span class='ocrx_word' id='word_1_204' title='bbox 659 1835 704 1875; x_wconf 88' lang='lat' dir='ltr'>ut</span> <span class='ocrx_word' id='word_1_205' title='bbox 735 1835 777 1875; x_wconf 92' lang='lat' dir='ltr'>in</span> <span class='ocrx_word' id='word_1_206' title='bbox 809 1846 887 1887; x_wconf 87' lang='lat' dir='ltr'>quo</span> <span class='ocrx_word' id='word_1_207' title='bbox 918 1833 1048 1886; x_wconf 86' lang='lat' dir='ltr'>patris</span> <span class='ocrx_word' id='word_1_208' title='bbox 1078 1833 1302 1886; x_wconf 81' lang='lat' dir='ltr'>imaginem</span> <span class='ocrx_word' id='word_1_209' title='bbox 1333 1834 1610 1887; x_wconf 79' lang='lat' dir='ltr'>recognoscat,</span> <span class='ocrx_word' id='word_1_210' title='bbox 1658 1847 1840 1876; x_wconf 86' lang='lat' dir='ltr'>amorem</span> 
     </span>
     <span class='ocr_line' id='line_1_25' title="bbox 308 1899 1839 1954; baseline 0.001 -13"><span class='ocrx_word' id='word_1_211' title='bbox 308 1901 397 1941; x_wconf 88' lang='lat' dir='ltr'>tute</span> <span class='ocrx_word' id='word_1_212' title='bbox 439 1900 647 1942; x_wconf 86' lang='lat' dir='ltr'>declarare</span> <span class='ocrx_word' id='word_1_213' title='bbox 692 1901 831 1953; x_wconf 89' lang='lat' dir='ltr'>possit.</span> <span class='ocrx_word' id='word_1_214' title='bbox 878 1924 929 1928; x_wconf 72' lang='lat'>—</span> <span class='ocrx_word' id='word_1_215' title='bbox 975 1900 1104 1941; x_wconf 92' lang='lat' dir='ltr'>Poeta</span> <span class='ocrx_word' id='word_1_216' title='bbox 1148 1899 1278 1953; x_wconf 80' lang='lat' dir='ltr'>igitur</span> <span class='ocrx_word' id='word_1_217' title='bbox 1322 1899 1443 1941; x_wconf 88' lang='lat' dir='ltr'>alteri</span> <span class='ocrx_word' id='word_1_218' title='bbox 1489 1913 1682 1953; x_wconf 85' lang='lat' dir='ltr'>personae</span> <span class='ocrx_word' id='word_1_219' title='bbox 1722 1901 1839 1954; x_wconf 88' lang='lat' dir='ltr'>quasi</span> 
     </span>
     <span class='ocr_line' id='line_1_26' title="bbox 310 1967 1839 2021; baseline 0 -13"><span class='ocrx_word' id='word_1_220' title='bbox 310 1980 457 2008; x_wconf 86' lang='lat' dir='ltr'>munus</span> <span class='ocrx_word' id='word_1_221' title='bbox 495 1968 659 2021; x_wconf 84' lang='lat' dir='ltr'>delegat</span> <span class='ocrx_word' id='word_1_222' title='bbox 693 1968 736 2008; x_wconf 88' lang='lat' dir='ltr'>in</span> <span class='ocrx_word' id='word_1_223' title='bbox 773 1968 945 2009; x_wconf 85' lang='lat' dir='ltr'>molesta</span> <span class='ocrx_word' id='word_1_224' title='bbox 985 1967 1158 2008; x_wconf 88' lang='lat' dir='ltr'>materia</span> <span class='ocrx_word' id='word_1_225' title='bbox 1204 1978 1435 2008; x_wconf 87' lang='lat' dir='ltr'>sermonum</span> <span class='ocrx_word' id='word_1_226' title='bbox 1482 1967 1541 2008; x_wconf 91' lang='lat' dir='ltr'>fili</span> <span class='ocrx_word' id='word_1_227' title='bbox 1588 1967 1839 2016; x_wconf 87' lang='lat' dir='ltr'>deducendi;</span> 
     </span>
     <span class='ocr_line' id='line_1_27' title="bbox 309 2034 1841 2087; baseline 0.001 -13"><span class='ocrx_word' id='word_1_228' title='bbox 309 2034 416 2087; x_wconf 89' lang='lat' dir='ltr'>quod</span> <span class='ocrx_word' id='word_1_229' title='bbox 456 2034 674 2075; x_wconf 86' lang='lat' dir='ltr'>Racinium</span> <span class='ocrx_word' id='word_1_230' title='bbox 713 2035 923 2076; x_wconf 86' lang='lat' dir='ltr'>imitatum</span> <span class='ocrx_word' id='word_1_231' title='bbox 972 2047 1054 2075; x_wconf 90' lang='lat' dir='ltr'>esse</span> <span class='ocrx_word' id='word_1_232' title='bbox 1095 2034 1291 2075; x_wconf 82' lang='lat' dir='ltr'>adnotare</span> <span class='ocrx_word' id='word_1_233' title='bbox 1332 2034 1460 2075; x_wconf 88' lang='lat' dir='ltr'>iuvat.</span> <span class='ocrx_word' id='word_1_234' title='bbox 1534 2034 1590 2074; x_wconf 91' lang='lat' dir='ltr'>At</span> <span class='ocrx_word' id='word_1_235' title='bbox 1627 2034 1841 2087; x_wconf 85' lang='lat' dir='ltr'>Euripides</span> 
     </span>
     <span class='ocr_line' id='line_1_28' title="bbox 308 2100 1839 2143; baseline 0 -1"><span class='ocrx_word' id='word_1_236' title='bbox 308 2113 441 2142; x_wconf 90' lang='lat' dir='ltr'>nonne</span> <span class='ocrx_word' id='word_1_237' title='bbox 483 2101 651 2142; x_wconf 87' lang='lat' dir='ltr'>eandem</span> <span class='ocrx_word' id='word_1_238' title='bbox 698 2101 898 2143; x_wconf 88' lang='lat' dir='ltr'>rationem</span> <span class='ocrx_word' id='word_1_239' title='bbox 940 2101 1019 2142; x_wconf 89' lang='lat' dir='ltr'>init</span> <span class='ocrx_word' id='word_1_240' title='bbox 1064 2102 1239 2142; x_wconf 86' lang='lat' dir='ltr'>alteram</span> <span class='ocrx_word' id='word_1_241' title='bbox 1271 2100 1501 2142; x_wconf 86' lang='lat' dir='ltr'>Phaedram</span> <span class='ocrx_word' id='word_1_242' title='bbox 1545 2100 1664 2141; x_wconf 82' lang='lat' dir='ltr'>anxio</span> <span class='ocrx_word' id='word_1_243' title='bbox 1709 2100 1839 2142; x_wconf 87' lang='lat' dir='ltr'>affatu</span> 
     </span>
     <span class='ocr_line' id='line_1_29' title="bbox 308 2162 1840 2221; baseline 0.001 -14"><span class='ocrx_word' id='word_1_244' title='bbox 308 2166 559 2208; x_wconf 83' lang='lat' dir='ltr'>nutriculam</span> <span class='ocrx_word' id='word_1_245' title='bbox 592 2167 839 2208; x_wconf 87' lang='lat' dir='ltr'>ambientem</span> <span class='ocrx_word' id='word_1_246' title='bbox 870 2167 1026 2221; x_wconf 83' lang='lat' dir='ltr'>fingens</span> <span class='ocrx_word' id='word_1_247' title='bbox 1059 2181 1095 2208; x_wconf 89' lang='lat' dir='ltr'>v.</span> <span class='ocrx_word' id='word_1_248' title='bbox 1128 2169 1227 2208; x_wconf 80' lang='lat'>345:</span> <span class='ocrx_word' id='word_1_249' title='bbox 1272 2168 1376 2216; x_wconf 66' lang='grc' dir='ltr'>πῶς’</span> <span class='ocrx_word' id='word_1_250' title='bbox 1405 2162 1455 2206; x_wconf 69' lang='grc' dir='ltr'>ἂν</span> <span class='ocrx_word' id='word_1_251' title='bbox 1485 2162 1539 2208; x_wconf 80' lang='grc' dir='ltr'>σύ</span> <span class='ocrx_word' id='word_1_252' title='bbox 1571 2182 1647 2220; x_wconf 83' lang='grc' dir='ltr'>μοι</span> <span class='ocrx_word' id='word_1_253' title='bbox 1677 2166 1840 2219; x_wconf 78' lang='grc' dir='ltr'><em>λέξειας</em></span> 
     </span>
     <span class='ocr_line' id='line_1_30' title="bbox 308 2228 1838 2287; baseline 0.001 -14"><span class='ocrx_word' id='word_1_254' title='bbox 308 2228 391 2285; x_wconf 76' lang='grc' dir='ltr'>ἁμὲ</span> <span class='ocrx_word' id='word_1_255' title='bbox 419 2230 497 2286; x_wconf 67' lang='grc' dir='ltr'>χρὴ</span> <span class='ocrx_word' id='word_1_256' title='bbox 529 2232 690 2286; x_wconf 79' lang='grc' dir='ltr'>λέγειν;</span> <span class='ocrx_word' id='word_1_257' title='bbox 736 2234 805 2286; x_wconf 88' lang='lat' dir='ltr'>qui</span> <span class='ocrx_word' id='word_1_258' title='bbox 856 2246 993 2275; x_wconf 85' lang='lat' dir='ltr'>versus</span> <span class='ocrx_word' id='word_1_259' title='bbox 1040 2246 1162 2287; x_wconf 88' lang='lat' dir='ltr'>quam</span> <span class='ocrx_word' id='word_1_260' title='bbox 1204 2234 1359 2275; x_wconf 82' lang='lat' dir='ltr'>celeber</span> <span class='ocrx_word' id='word_1_261' title='bbox 1404 2234 1538 2283; x_wconf 88' lang='lat' dir='ltr'>fuerit,</span> <span class='ocrx_word' id='word_1_262' title='bbox 1590 2247 1670 2275; x_wconf 91' lang='lat' dir='ltr'>non</span> <span class='ocrx_word' id='word_1_263' title='bbox 1707 2234 1838 2276; x_wconf 88' lang='lat' dir='ltr'>solum</span> 
     </span>
     <span class='ocr_line' id='line_1_31' title="bbox 310 2299 1840 2354; baseline 0.001 -14"><span class='ocrx_word' id='word_1_264' title='bbox 310 2299 599 2353; x_wconf 86' lang='lat' dir='ltr'>Aristophanis</span> <span class='ocrx_word' id='word_1_265' title='bbox 623 2301 793 2352; x_wconf 83' lang='lat' dir='ltr'>parodia</span> <span class='ocrx_word' id='word_1_266' title='bbox 812 2301 966 2354; x_wconf 83' lang='lat' dir='ltr'>(Equit.</span> <span class='ocrx_word' id='word_1_267' title='bbox 989 2301 1055 2349; x_wconf 89' lang='grc'>16)</span> <span class='ocrx_word' id='word_1_268' title='bbox 1079 2301 1274 2351; x_wconf 86' lang='lat' dir='ltr'>declarat,</span> <span class='ocrx_word' id='word_1_269' title='bbox 1298 2301 1366 2341; x_wconf 89' lang='lat' dir='ltr'>sed</span> <span class='ocrx_word' id='word_1_270' title='bbox 1389 2301 1526 2351; x_wconf 88' lang='lat' dir='ltr'>etiam,</span> <span class='ocrx_word' id='word_1_271' title='bbox 1549 2302 1596 2341; x_wconf 86' lang='lat' dir='ltr'>ut</span> <span class='ocrx_word' id='word_1_272' title='bbox 1617 2301 1840 2342; x_wconf 81' lang='lat' dir='ltr'>Buecheler</span> 
     </span>
     <span class='ocr_line' id='line_1_32' title="bbox 310 2363 1841 2421; baseline 0.002 -15"><span class='ocrx_word' id='word_1_273' title='bbox 310 2379 373 2407; x_wconf 91' lang='lat' dir='ltr'>me</span> <span class='ocrx_word' id='word_1_274' title='bbox 405 2367 578 2417; x_wconf 86' lang='lat' dir='ltr'>monuit,</span> <span class='ocrx_word' id='word_1_275' title='bbox 612 2367 834 2408; x_wconf 85' lang='lat' dir='ltr'>Menander</span> <span class='ocrx_word' id='word_1_276' title='bbox 866 2380 1083 2409; x_wconf 85' lang='lat' dir='ltr'>conversus</span> <span class='ocrx_word' id='word_1_277' title='bbox 1114 2381 1137 2409; x_wconf 92' lang='lat' dir='ltr'>a</span> <span class='ocrx_word' id='word_1_278' title='bbox 1166 2368 1317 2409; x_wconf 91' lang='lat' dir='ltr'>Plauto</span> <span class='ocrx_word' id='word_1_279' title='bbox 1350 2368 1495 2409; x_wconf 85' lang='lat' dir='ltr'>Bacch.</span> <span class='ocrx_word' id='word_1_280' title='bbox 1529 2369 1608 2409; x_wconf 82' lang='lat'>35:</span> <span class='ocrx_word' id='word_1_281' title='bbox 1647 2363 1657 2379; x_wconf 82' lang='lat'>‘</span> <span class='ocrx_word' id='word_1_282' title='bbox 1677 2368 1775 2421; x_wconf 88' lang='lat' dir='ltr'>qnid</span> <span class='ocrx_word' id='word_1_283' title='bbox 1806 2369 1841 2409; x_wconf 93' lang='lat' dir='ltr'>si</span> 
     </span>
     <span class='ocr_line' id='line_1_33' title="bbox 309 2433 1840 2488; baseline 0.002 -15"><span class='ocrx_word' id='word_1_284' title='bbox 309 2433 384 2474; x_wconf 87' lang='lat' dir='ltr'>hoc</span> <span class='ocrx_word' id='word_1_285' title='bbox 415 2434 524 2485; x_wconf 90' lang='lat' dir='ltr'>potis</span> <span class='ocrx_word' id='word_1_286' title='bbox 556 2434 617 2474; x_wconf 89' lang='lat' dir='ltr'>est</span> <span class='ocrx_word' id='word_1_287' title='bbox 646 2435 692 2475; x_wconf 89' lang='lat' dir='ltr'>ut</span> <span class='ocrx_word' id='word_1_288' title='bbox 722 2436 768 2475; x_wconf 92' lang='lat' dir='ltr'>tu</span> <span class='ocrx_word' id='word_1_289' title='bbox 797 2435 947 2484; x_wconf 85' lang='lat' dir='ltr'>taceas,</span> <span class='ocrx_word' id='word_1_290' title='bbox 980 2447 1054 2488; x_wconf 79' lang='lat' dir='ltr'>ego</span> <span class='ocrx_word' id='word_1_291' title='bbox 1081 2435 1256 2488; x_wconf 79' lang='lat' dir='ltr'>loquar?</span> <span class='ocrx_word' id='word_1_292' title='bbox 1281 2468 1418 2476; x_wconf 93' lang='grc'><strong>.....</strong></span> <span class='ocrx_word' id='word_1_293' title='bbox 1441 2435 1606 2488; x_wconf 83' lang='lat' dir='ltr'>lepide².</span> <span class='ocrx_word' id='word_1_294' title='bbox 1667 2435 1840 2478; x_wconf 86' lang='lat' dir='ltr'>Senecae</span> 
     </span>
     <span class='ocr_line' id='line_1_34' title="bbox 309 2500 1840 2556; baseline 0.001 -16"><span class='ocrx_word' id='word_1_295' title='bbox 309 2501 447 2541; x_wconf 90' lang='lat' dir='ltr'>autem</span> <span class='ocrx_word' id='word_1_296' title='bbox 478 2501 520 2541; x_wconf 92' lang='lat' dir='ltr'>in</span> <span class='ocrx_word' id='word_1_297' title='bbox 551 2500 631 2542; x_wconf 88' lang='lat' dir='ltr'>ista</span> <span class='ocrx_word' id='word_1_298' title='bbox 662 2514 808 2543; x_wconf 88' lang='lat' dir='ltr'>scaena</span> <span class='ocrx_word' id='word_1_299' title='bbox 838 2515 880 2543; x_wconf 91' lang='lat' dir='ltr'>re</span> <span class='ocrx_word' id='word_1_300' title='bbox 907 2515 1002 2543; x_wconf 82' lang='lat' dir='ltr'>vera</span> <span class='ocrx_word' id='word_1_301' title='bbox 1035 2501 1237 2544; x_wconf 86' lang='lat' dir='ltr'>Graecum</span> <span class='ocrx_word' id='word_1_302' title='bbox 1275 2503 1480 2555; x_wconf 84' lang='lat' dir='ltr'>exemplar</span> <span class='ocrx_word' id='word_1_303' title='bbox 1517 2502 1648 2544; x_wconf 83' lang='lat' dir='ltr'>facem</span> <span class='ocrx_word' id='word_1_304' title='bbox 1679 2503 1840 2556; x_wconf 90' lang='lat' dir='ltr'>praetu-</span> 
     </span>
    </p>
   </div>
   <div class='ocr_carea' id='block_1_5' title="bbox 316 2606 430 2610">
    <p class='ocr_par' dir='ltr' id='par_1_5' title="bbox 316 2606 430 2610">
     <span class='ocr_line' id='line_1_35' title="bbox 316 2606 430 2610; baseline 0 0"><span class='ocrx_word' id='word_1_305' title='bbox 316 2606 430 2610; x_wconf 95' lang='lat' dir='ltr'> </span> 
     </span>
    </p>
   </div>
   <div class='ocr_carea' id='block_1_6' title="bbox 435 2607 562 2611">
    <p class='ocr_par' dir='ltr' id='par_1_6' title="bbox 435 2607 562 2611">
     <span class='ocr_line' id='line_1_36' title="bbox 435 2607 562 2611; baseline 0 0"><span class='ocrx_word' id='word_1_306' title='bbox 435 2607 562 2611; x_wconf 95' lang='lat' dir='ltr'> </span> 
     </span>
    </p>
   </div>
   <div class='ocr_carea' id='block_1_7' title="bbox 310 2677 1476 2956">
    <p class='ocr_par' dir='ltr' id='par_1_7' title="bbox 310 2677 1476 2956">
     <span class='ocr_line' id='line_1_37' title="bbox 446 2677 1116 2724; baseline 0.003 -13"><span class='ocrx_word' id='word_1_307' title='bbox 446 2678 458 2697; x_wconf 83' lang='lat'>¹</span> <span class='ocrx_word' id='word_1_308' title='bbox 487 2677 539 2712; x_wconf 87' lang='lat' dir='ltr'>Cf.</span> <span class='ocrx_word' id='word_1_309' title='bbox 566 2680 660 2723; x_wconf 82' lang='lat' dir='ltr'>trag.</span> <span class='ocrx_word' id='word_1_310' title='bbox 686 2678 757 2724; x_wconf 83' lang='lat' dir='ltr'>frg.</span> <span class='ocrx_word' id='word_1_311' title='bbox 785 2679 906 2723; x_wconf 85' lang='lat' dir='ltr'>adesp.</span> <span class='ocrx_word' id='word_1_312' title='bbox 940 2681 991 2713; x_wconf 87' lang='lat'>16.</span> <span class='ocrx_word' id='word_1_313' title='bbox 1018 2692 1051 2714; x_wconf 91' lang='lat' dir='ltr'>v.</span> <span class='ocrx_word' id='word_1_314' title='bbox 1079 2680 1116 2713; x_wconf 80' lang='lat'>2:</span> 
     </span>
     <span class='ocr_line' id='line_1_38' title="bbox 623 2732 1078 2784; baseline 0.004 -15"><span class='ocrx_word' id='word_1_315' title='bbox 623 2734 732 2770; x_wconf 70' lang='grc' dir='ltr'>οὐδὲν</span> <span class='ocrx_word' id='word_1_316' title='bbox 755 2732 798 2779; x_wconf 82' lang='grc' dir='ltr'>ἧν</span> <span class='ocrx_word' id='word_1_317' title='bbox 825 2733 940 2784; x_wconf 68' lang='grc' dir='ltr'>πάντῃ</span> <span class='ocrx_word' id='word_1_318' title='bbox 967 2736 1078 2771; x_wconf 74' lang='grc' dir='ltr'><em>καλὸν</em></span> 
     </span>
     <span class='ocr_line' id='line_1_39' title="bbox 625 2792 1476 2841; baseline 0.005 -14"><span class='ocrx_word' id='word_1_319' title='bbox 625 2792 701 2828; x_wconf 73' lang='grc' dir='ltr'>οὐδ’</span> <span class='ocrx_word' id='word_1_320' title='bbox 728 2792 894 2841; x_wconf 71' lang='grc' dir='ltr'>αἰσχρόν,</span> <span class='ocrx_word' id='word_1_321' title='bbox 921 2793 1009 2828; x_wconf 66' lang='grc' dir='ltr'>ἀλλὰ</span> <span class='ocrx_word' id='word_1_322' title='bbox 1035 2792 1129 2830; x_wconf 65' lang='grc' dir='ltr'>ταῦτ’</span> <span class='ocrx_word' id='word_1_323' title='bbox 1158 2796 1331 2838; x_wconf 68' lang='grc' dir='ltr'>ἐποίησεν</span> <span class='ocrx_word' id='word_1_324' title='bbox 1355 2794 1476 2839; x_wconf 49' lang='grc' dir='ltr'><em>λαβᾚ)</em></span> 
     </span>
     <span class='ocr_line' id='line_1_40' title="bbox 623 2851 1371 2899; baseline 0.003 -13"><span class='ocrx_word' id='word_1_325' title='bbox 623 2852 642 2886; x_wconf 88' lang='grc' dir='ltr'>ὁ</span> <span class='ocrx_word' id='word_1_326' title='bbox 670 2853 790 2898; x_wconf 72' lang='grc' dir='ltr'><strong><em>καιρὸς</em></strong></span> <span class='ocrx_word' id='word_1_327' title='bbox 815 2852 949 2899; x_wconf 73' lang='grc' dir='ltr'><em>αἰσχρὰ</em></span> <span class='ocrx_word' id='word_1_328' title='bbox 973 2857 1032 2887; x_wconf 78' lang='grc' dir='ltr'>καὶ</span> <span class='ocrx_word' id='word_1_329' title='bbox 1059 2851 1244 2892; x_wconf 69' lang='grc' dir='ltr'><em>διαλλάξας</em></span> <span class='ocrx_word' id='word_1_330' title='bbox 1270 2851 1371 2888; x_wconf 74' lang='grc' dir='ltr'><em>καλά.</em></span> 
     </span>
     <span class='ocr_line' id='line_1_41' title="bbox 310 2906 1017 2956; baseline 0.003 -11"><span class='ocrx_word' id='word_1_331' title='bbox 310 2909 420 2945; x_wconf 72' lang='grc' dir='ltr'><em>οὐδὲν</em></span> <span class='ocrx_word' id='word_1_332' title='bbox 446 2906 491 2945; x_wconf 76' lang='grc' dir='ltr'>ἄν</span> <span class='ocrx_word' id='word_1_333' title='bbox 517 2911 649 2956; x_wconf 70' lang='lat' dir='ltr'>vulgo,</span> <span class='ocrx_word' id='word_1_334' title='bbox 673 2908 784 2946; x_wconf 72' lang='grc' dir='ltr'>οὐδὲν</span> <span class='ocrx_word' id='word_1_335' title='bbox 808 2906 852 2954; x_wconf 79' lang='grc' dir='ltr'>ἦν</span> <span class='ocrx_word' id='word_1_336' title='bbox 877 2912 1017 2947; x_wconf 85' lang='lat' dir='ltr'>Nauck.</span> 
     </span>
    </p>
   </div>
  </div>
 </body>
</html>
