1912 3310
903 184 970 218 115

175 293 311 335 ναίων
356 297 444 337 τῶν
486 293 684 351 μεγάλων
727 297 947 352 ἀγομένων
993 323 1035 328 ——
1086 296 1312 353 ἐτύγχανον
1355 300 1433 354 μὲν
1467 297 1703 357 ἓᾳῃβεῦων,

170 355 283 421 ᾄσας
327 363 374 405 δὲ
412 362 489 405 τὸν
534 361 731 406 εἰωθότα
775 367 937 406 παιᾶνα
981 366 1032 422 τῇ
1079 368 1174 421 θεῷ
1220 366 1289 408 καὶ
1331 365 1384 408 τὰ
1422 368 1703 422 νενομισμένα

169 425 536 484 προπομπεῦσας,
585 430 644 482 ὠς
685 426 801 484 εἶχον
846 432 1014 489 στολῆς,
1060 427 1171 490 αὐτῇ
1214 431 1392 487 χλαμύδι
1439 435 1506 476 καὶ
1552 431 1700 485 αι”τοῑς

168 493 400 553 στεφάνοις
431 495 609 552 ἔρχομαι
642 494 787 540 οἴκαδε
821 495 879 548 (ὃς
910 496 1106 553 ἓμαιτόν.
1138 494 1161 557 ἢ
1189 500 1236 542 δὲ
1267 498 1417 558 ἐπειδὴ
1448 499 1498 543 τὸ
1522 504 1699 556 πρῶτον
1748 508 1751 509 ’

168 557 282 605 εἶδεν
302 564 390 607 κτλ.
427 566 546 607 Alter
575 566 610 608 is
641 567 700 608 est
721 566 968 609 Troezenius
1000 569 1129 621 heros,
1162 569 1231 621 qui
1263 568 1458 622 mysteria
1489 569 1697 611 celebrans

167 644 362 674 novercae
386 639 566 674 amorem
590 633 739 681 inurit3
770 634 894 686 atque
915 634 1042 675 istum
1067 635 1231 676 fabulae
1252 635 1412 676 auctori
1436 648 1477 676 re
1500 649 1593 677 vera
1615 636 1695 688 pri-

168 711 280 739 mum
296 700 392 740 ante
410 700 546 741 oculos
563 699 687 741 fuisse
704 700 914 742 Phaedrae
933 701 1108 753 epistula
1125 702 1254 743 vincit
1272 701 1346 743 Ov.
1361 702 1455 743 Her.
1467 702 1537 752 IV,
1554 703 1605 743 67
1617 715 1695 755 sq.:

367 766 565 819 Tempore
596 778 675 819 quo
708 767 823 809 nobis
854 767 959 809 inita
991 769 1050 809 est
1083 768 1258 810 Cerealis
1289 769 1468 820 Eleusin,

431 832 585 875 Gnosia
618 847 682 876 me
709 834 856 876 vellem
886 834 1128 877 detinuisset
1159 836 1322 877 humus.

364 899 482 941 Tunc
507 900 609 941 mihi
640 901 867 955 praecipue,
898 913 971 943 nec
998 915 1079 943 non
1111 903 1251 944 tamen
1284 904 1379 944 ante
1410 903 1619 956 placebas:

430 979 522 1009 acer
552 967 594 1008 in
626 968 816 1009 extremis
847 969 1005 1010 ossibus
1036 970 1169 1011 haesit
1200 983 1327 1012 amor.

364 1033 550 1076 Candida
582 1036 704 1077 vestis
735 1036 835 1087 erat,
868 1036 1091 1089 praecincti
1121 1037 1218 1079 flore
1249 1038 1401 1091 capilli,

428 1101 536 1144 flava
567 1103 819 1145 verecundus
848 1104 1027 1145 tinxerat
1056 1117 1126 1146 ora
1156 1105 1291 1146 rubor.

165 1169 294 1211 Totus
322 1169 436 1211 locus
467 1170 630 1224 egregie
661 1171 842 1212 concinit
872 1184 963 1212 cum
994 1171 1232 1221 Heliodoro;
1267 1172 1378 1223 adeo,
1413 1173 1458 1214 ut
1479 1172 1520 1213 in
1543 1171 1692 1214 eisdem

164 1236 285 1277 rebus
324 1249 348 1277 a
384 1238 547 1279 servata
580 1237 786 1290 Euripidis
818 1238 1044 1291 Hippolyto
1085 1239 1260 1281 recedat.
1322 1240 1430 1281 Nam
1473 1240 1505 1280 si
1537 1239 1695 1292 Hippo-

164 1303 276 1357 lytus
307 1315 388 1345 non
418 1305 508 1345 tum
533 1304 708 1357 primum
734 1317 930 1346 novercae
958 1305 1128 1358 placuit,
1160 1307 1479 1348 consentaneum
1511 1306 1571 1348 est
1602 1319 1694 1347 euin

165 1383 246 1412 non
278 1372 322 1412 ut
358 1371 400 1412 in
432 1371 668 1413 Coronifero
715 1372 769 1423 (v.
802 1373 855 1413 24
885 1371 965 1426 sq.)
1010 1373 1194 1414 Athenas
1238 1373 1290 1414 ad
1336 1373 1550 1414 sollemnia
1592 1373 1696 1414 cele-

163 1438 323 1480 branda
353 1438 563 1492 migrasse,
611 1439 719 1493 quod
752 1439 922 1481 Ovidius
959 1453 1001 1481 re
1040 1454 1135 1482 vera
1176 1453 1256 1482 non
1298 1440 1412 1491 dicit,
1459 1441 1528 1482 sed
1574 1441 1697 1482 antea

164 1506 363 1547 illiciam
394 1507 694 1547 commoratum
730 1519 823 1548 esse.
885 1506 1014 1559 Quod,
1061 1507 1095 1548 si
1136 1520 1275 1549 omnes
1309 1509 1501 1563 rationes,
1547 1508 1695 1561 quibus

164 1574 283 1627 poeta
313 1573 497 1627 tragicus
525 1574 704 1627 potuerit
732 1587 817 1615 rem
854 1574 1081 1623 instituere,
1120 1575 1385 1627 reputaveris,
1433 1576 1550 1616 unice
1582 1587 1694 1615 meae

165 1641 422 1683 coniecturae
465 1653 699 1682 succurrere
740 1641 933 1682 concedes
970 1641 1012 1682 in
1051 1641 1276 1696 Hippolyto
1306 1642 1454 1683 Velato
1502 1654 1689 1683 scaenam

164 1708 287 1750 fuisse
319 1708 493 1749 Athenis
513 1710 538 1749 1.
599 1708 687 1749 Iam
729 1721 819 1750 cum
854 1708 1091 1761 Euripidem
1127 1709 1213 1750 illic
1250 1709 1299 1750 de
1328 1709 1545 1763 Hippolyti
1577 1709 1692 1750 cultu

163 1776 322 1829 aliquid
353 1776 554 1817 indicasse
585 1776 740 1817 certum
772 1776 838 1826 sit,
884 1776 962 1818 Leo
993 1776 1036 1827 (l.
1066 1776 1092 1818 l.
1124 1790 1161 1830 p.
1195 1777 1290 1829 177)
1324 1776 1589 1818 existumavit
1620 1775 1694 1817 Se-

165 1855 306 1884 necam
337 1855 373 1885 v.
409 1843 487 1884 651
521 1856 602 1896 sq.:

363 1910 454 1963 quis
485 1911 574 1951 tum
606 1910 676 1952 ille
707 1910 844 1952 fulsit!
878 1911 1107 1964 presserant
1138 1911 1268 1952 vittae
1299 1923 1457 1952 comam

363 1978 403 2018 et
433 1990 504 2020 ora
535 1977 665 2019 flavus
695 1978 834 2019 tenera
864 1978 1082 2032 tinguebat
1113 1978 1244 2031 pudor

163 2045 239 2086 hoc
267 2045 318 2087 ad
351 2045 551 2087 Theseum
581 2045 854 2086 transtulisse.
916 2045 1115 2098 Equidem
1148 2045 1273 2086 nolim
1308 2045 1504 2086 continuo
1536 2044 1693 2096 discep-

161 2111 263 2163 tare,
311 2112 447 2165 quoad
479 2113 630 2155 Seneca
664 2113 714 2154 ad
742 2113 876 2166 ipsum
915 2113 1123 2165 tragicum
1165 2125 1206 2154 se
1247 2112 1530 2160 adstrinxerit;
1575 2123 1692 2164 prae-

163 2179 304 2220 sertim
333 2192 426 2221 cum
453 2180 737 2233 Alexandrini,
773 2180 819 2220 ut
850 2180 912 2220 vir
943 2179 1087 2221 doctus
1118 2179 1427 2229 animadvertit,
1475 2179 1517 2219 in
1549 2177 1691 2219 Thesei

163 2247 277 2288 cultu
307 2247 554 2289 illustrando
586 2247 848 2300 praeiverint.
907 2247 1013 2288 Nam
1046 2246 1221 2288 Senecae
1255 2259 1416 2288 versum
1449 2247 1548 2287 648:
1577 2244 1691 2287 ‘cum

162 2315 295 2367 prima
331 2328 453 2368 puras
495 2315 625 2357 barba
663 2314 847 2368 signaret
877 2314 1019 2367 genas’
1061 2314 1279 2355 manifesto
1311 2326 1402 2355 cum
1436 2312 1690 2354 Callimacho

161 2381 240 2435 frg.
271 2382 326 2423 44
356 2394 578 2435 congruere
608 2381 748 2423 Naeke
793 2381 860 2432 (de
892 2380 994 2423 Call.
1026 2381 1125 2422 Hec.
1160 2393 1197 2434 p.
1230 2381 1301 2431 88)
1349 2380 1504 2421 dudum
1536 2379 1690 2421 docuit.

161 2448 274 2490 Idem
315 2449 403 2490 iure
442 2448 673 2502 suspicatus
718 2452 779 2490 est
810 2448 1034 2490 Battiaden
1071 2448 1154 2488 iam
1192 2448 1238 2488 ut
1269 2446 1464 2488 Senecam
1501 2448 1554 2495 (v.
1590 2445 1690 2499 654)

162 2516 364 2559 Theseum
387 2529 480 2557 cum
500 2516 694 2569 Apolline
715 2527 970 2568 comparasse
988 2516 1014 2565 2,
1047 2527 1096 2556 ne
1123 2514 1192 2555 diu
1216 2514 1405 2555 haeream
1427 2513 1468 2554 in
1485 2513 1691 2566 Apollinis

299 2623 308 2642 ¹
336 2623 511 2658 Ovidium
536 2626 667 2667 utpote
693 2623 729 2656 in
758 2623 813 2657 his
832 2622 942 2657 rebus
959 2622 1230 2667 neglegentem,
1256 2621 1314 2655 cui
1332 2623 1526 2665 praeterea
1544 2623 1692 2654 servata

161 2681 353 2725 Euripidis
385 2681 512 2716 fabula
545 2694 628 2716 cum
661 2682 771 2716 heroe
803 2693 868 2716 suo
904 2682 1054 2726 proprie
1081 2680 1284 2715 Troezenio
1318 2680 1411 2714 bene
1443 2682 1532 2714 nota
1567 2679 1692 2720 fuerit,

161 2740 238 2774 noli
262 2740 392 2774 mirari
416 2743 546 2784 postea
572 2740 619 2786 (v.
652 2740 732 2784 107)
759 2740 965 2774 Phaedram
994 2739 1179 2773 Troezene
1204 2741 1415 2773 versantem
1441 2737 1598 2783 fingere3
1642 2735 1689 2771 cf.

159 2797 245 2833 Birt
268 2798 292 2832 1.
314 2799 339 2832 l.
364 2809 400 2842 p.
428 2799 508 2832 403.
535 2801 566 2833 2.

295 2857 309 2877 2
335 2856 375 2891 L.
401 2857 425 2891 l.
452 2868 487 2901 p.
515 2858 560 2891 89
588 2868 641 2901 sq.
692 2856 746 2891 Cf.
774 2856 974 2891 Schneider
1002 2856 1090 2890 Call.
1118 2855 1151 2889 II
1176 2867 1212 2899 p.
1242 2857 1319 2890 179.
