1912 3310
0 0 53 239 f

0 236 24 294 ff

0 374 19 402 ἒ

860 205 904 239 77

123 318 247 361 bulae
266 318 470 371 epitomen
491 316 517 358 i.
535 329 568 358 e.
589 316 806 370 Hippolyti
827 317 1115 370 argumentum
1138 318 1403 371 refugiamus,
1424 319 1465 360 in
1485 331 1563 373 quo
1581 332 1642 362 res

119 386 180 428 ita
210 385 422 427 narratur:
452 381 700 436 θεασαμένη
733 380 779 423 δὲ
809 378 886 423 τὸν
916 381 1134 423 νεανίσκον
1167 382 1190 437 ἡ
1215 383 1380 436 Φαίδρα
1402 382 1462 433 εἷς
1483 384 1641 426 ἐπιθυ-

120 451 222 506 μίαν
242 443 435 493 niliaca
450 475 514 492 —.
545 449 755 504 στέγουσα
778 448 823 491 δὲ
844 446 920 506 τὴν
941 446 1068 492 νόσον
1089 447 1227 505 χρόνῳ
1250 448 1361 503 πρὸς
1382 451 1456 505 τήν
1478 449 1641 508 τροφὸν

120 519 310 575 δηλῶσαι
341 512 606 572 ἠναγκάσθη,
640 517 1081 573 κατεπαγγειλαμένην
1110 512 1216 575 αἰτῇ
1245 514 1505 573 βοηθήσειν·
1548 516 1641 573 ἥτις

120 583 229 629 κατὰ
259 583 336 644 τὴν
363 583 620 639 προαίρεσιν
654 580 806 639 λόγους
836 582 1098 639 προςήνεγκε
1130 587 1191 641 τῷ
1223 585 1439 641 νεανίσκῳ.
1473 611 1521 614 -
1563 586 1641 638 Qui

120 667 200 697 non
230 653 513 708 praeiudicata
543 652 731 706 opinione
762 653 937 705 tenetur,
968 653 1179 706 intelleget
1211 654 1410 695 Antonini
1433 655 1638 695 auctorem

120 723 209 764 tam
239 733 373 775 presse
403 719 556 773 tragici
591 719 766 773 vestigia
797 719 942 772 legere,
988 721 1034 760 ut
1070 720 1194 762 etiam
1227 720 1371 762 Ovidio
1409 721 1641 768 antecellat,

121 802 213 831 cum
246 788 294 830 de
325 787 516 842 Myrrhae
549 787 682 828 morte
716 786 950 828 voluntaria
980 787 1063 828 iam
1092 787 1330 828 imminente
1361 788 1463 828 nihil
1504 788 1643 830 tradat

121 857 161 899 et
203 855 405 897 nutricem
449 854 582 895 morbi
622 852 846 894 remedium
891 853 1148 906 pollicentem
1195 853 1337 906 fingat.
1395 854 1472 896 Sed
1509 856 1555 895 ut
1594 867 1643 896 ne

120 922 353 965 levissimus
385 919 551 974 quidem
579 919 795 972 scrupulus
824 919 1013 969 resideat,
1045 920 1195 960 nutrici
1218 920 1463 974 Hippolytae
1484 934 1641 971 nomen,

121 990 171 1032 de
201 1001 281 1043 quo
315 987 481 1030 aliunde
512 1000 592 1029 non
624 987 799 1037 constat,
831 986 1007 1027 inditum
1036 988 1114 1035 est3
1145 1000 1224 1040 qua
1256 987 1418 1030 fictione
1446 1000 1523 1029 non
1557 990 1643 1029 tam

121 1057 188 1099 fur
219 1056 406 1111 proditur
437 1067 561 1109 quam
593 1055 751 1096 furtum
784 1054 882 1096 data
920 1067 1039 1108 opera
1076 1056 1378 1108 pronuntiatur.
1439 1055 1643 1096 Nimirum

122 1122 391 1167 Alexandrini
420 1124 563 1176 poetae
593 1122 762 1164 minime
794 1122 914 1164 veriti
937 1124 1032 1164 sunt
1053 1123 1128 1164 hoc
1149 1123 1268 1164 modo
1290 1123 1470 1164 alienum
1492 1123 1642 1164 bonum

120 1193 164 1234 in
194 1204 310 1233 suam
342 1203 427 1232 rem
460 1190 707 1237 convertere,
753 1189 860 1243 quod
892 1189 1059 1243 Dilthey
1096 1189 1138 1243 (1.
1171 1190 1197 1231 l.
1230 1203 1265 1243 p.
1301 1191 1376 1231 108
1408 1190 1486 1243 sq.)
1528 1203 1643 1242 prae-

122 1260 233 1302 claro
265 1257 472 1312 Ctesyllae
502 1257 666 1299 fabulae
697 1256 877 1309 exemplo
908 1256 1218 1307 demonstravit,
1262 1257 1304 1297 in
1335 1270 1457 1310 quam
1490 1257 1643 1299 Nican-

123 1327 194 1369 der
223 1326 340 1378 (Ant.
371 1324 458 1366 Lib.
492 1323 532 1378 1)
580 1337 724 1377 parum
769 1324 978 1377 ingeniose
1016 1324 1125 1376 pomi
1164 1322 1318 1377 Cydoni
1358 1324 1578 1365 artificium
1623 1337 1642 1366 e

123 1393 369 1437 Callimachi
399 1391 583 1446 Cydippa
613 1391 830 1433 transtulit
859 1403 988 1444 neque
1017 1391 1095 1432 sibi
1125 1392 1381 1444 temperavit,
1428 1392 1644 1444 quominus

124 1461 349 1516 Cydippam
369 1461 410 1502 et
426 1459 650 1501 Acontium
667 1459 935 1500 nominaretl.
969 1458 1210 1511 Saepissime
1231 1459 1334 1499 enin]
1357 1460 1563 1500 auctorem
1586 1459 1644 1500 fa-

123 1528 327 1578 bulamve,
358 1540 481 1581 quam
517 1528 792 1577 ruminantur,
825 1527 963 1580 aliquo
986 1527 1104 1568 modo
1133 1527 1369 1580 significant
1401 1527 1484 1568 sive
1514 1540 1646 1568 exem-

123 1594 250 1650 plaris
283 1607 423 1636 versus
451 1595 559 1636 tecte
590 1595 832 1636 denotantes
865 1595 988 1647 atque
1019 1594 1117 1635 adeo
1155 1594 1260 1646 ipsos
1301 1594 1524 1635 intexentes
1560 1594 1645 1634 sive

124 1673 315 1714 personas
344 1661 537 1713 fabulae,
567 1675 690 1715 quam
720 1661 953 1709 imitantur,
1000 1661 1318 1713 comparationis
1350 1648 1480 1701 instar
1513 1659 1647 1700 nomi-

124 1729 269 1771 nantes
285 1727 313 1770 2.
373 1728 502 1781 Quale
529 1729 714 1770 studium
744 1729 868 1770 etiam
901 1729 1039 1770 nostro
1070 1729 1157 1769 loco
1188 1728 1230 1768 in
1258 1727 1421 1769 nomine
1451 1727 1545 1768 ficto
1577 1726 1646 1768 de-

124 1796 319 1850 prehendi
349 1797 476 1850 patet.
537 1795 739 1846 Ceterum,
772 1796 868 1849 quia
899 1796 1150 1849 ignoramus,
1186 1807 1264 1848 quo
1296 1807 1423 1847 usque
1447 1795 1589 1835 auctor
1605 1794 1647 1834 in

124 1862 300 1917 singulis
329 1864 449 1905 rebus
480 1863 722 1905 exornandis
753 1863 957 1916 tragicum
990 1862 1151 1914 poetam
1179 1861 1447 1914 descripserit,
1480 1873 1576 1902 cave
1601 1873 1649 1901 ne

0 1938 30 1950 ⁷*
96 1930 300 1972 ·nimium
336 1930 495 1972 tribua-s
535 1930 597 1981 iis,
644 1931 791 1983 quibus
830 1930 899 1971 ille
938 1929 977 1970 et
1008 1930 1125 1981 poeta
1157 1929 1366 1970 Romanus
1397 1927 1557 1969 differre
1588 1927 1650 1968 vi-

125 1997 286 2040 dentur.
317 1998 465 2051 Itaque
486 1997 634 2048 nescio,
661 2010 711 2039 an
731 1997 879 2038 similis
896 1996 1137 2049 exemplaris
1158 1995 1310 2037 indicia
1332 1995 1439 2048 apud
1456 1995 1647 2037 Ovidium

125 2065 318 2118 cognosci
341 2064 498 2118 possint
519 2065 561 2106 in
583 2077 640 2113 eo,
673 2064 781 2118 quod
805 2064 943 2104 nutrix
977 2063 1139 2104 silentio
1161 2064 1289 2115 tegat,
1321 2062 1418 2115 quid
1440 2062 1648 2111 moliatur,

125 2144 207 2173 non
227 2144 325 2174 ausa
357 2132 566 2185 praeterea
597 2131 798 2173 incestum
825 2130 961 2183 palam
990 2129 1254 2182 pronuntiare
1274 2142 1311 2170 v.
1329 2128 1409 2169 429
1425 2141 1481 2181 sq.
1517 2128 1650 2180 Atque

125 2198 233 2252 quod
265 2199 466 2241 Antonini
505 2199 649 2241 auctor
681 2198 899 2252 Smyrnam
930 2197 1062 2238 multa
1102 2196 1404 2237 machinantem
1443 2195 1565 2248 fingit
1599 2193 1650 2235 ad

124 2265 511 2319 procrastinandum
550 2278 808 2319 responsum,
855 2264 960 2317 quod
1000 2263 1152 2316 procris
1189 2262 1430 2315 urgentibus
1466 2261 1651 2314 parentes

124 2333 261 2376 daturi
285 2333 380 2385 sint,
413 2346 546 2376 nonne
573 2334 693 2387 poeta
724 2333 935 2374 Romanus
966 2331 1135 2373 eandem
1166 2329 1434 2382 prolationem
1467 2327 1651 2369 illustrat

262 2528 275 2548 ¹
303 2528 408 2564 Hanc
432 2526 744 2574 significationem
771 2525 817 2560 ad
843 2524 1073 2559 Antoninum
1105 2521 1347 2557 revocandam
1379 2532 1455 2555 esse
1489 2520 1567 2554 iure
1593 2532 1652 2555 ne-

126 2587 230 2634 gavit
258 2587 390 2622 Rohde
415 2587 437 2621 l.
464 2587 486 2622 l.
512 2599 548 2632 p.
575 2588 630 2620 92.
657 2587 688 2620 3.

263 2647 276 2666 ²
300 2645 484 2690 Exempla
522 2646 752 2690 collegerunt
785 2642 915 2677 Rohde
950 2642 972 2675 l.
999 2641 1021 2674 l.
1084 2639 1236 2682 Dilthey
1262 2639 1285 2672 l.
1309 2638 1331 2672 1.
1367 2637 1427 2681 (cf.
1453 2649 1487 2682 p.
1515 2639 1557 2671 73
1585 2637 1654 2682 sq.)

127 2703 282 2738 Knaack
307 2704 332 2739 1.
350 2704 374 2738 l.
401 2716 436 2748 p.
456 2705 518 2747 303
545 2704 678 2748 quibus
701 2702 787 2736 addi
805 2703 958 2745 possunt
975 2699 1169 2734 Nonniana
1187 2698 1335 2740 Dionys.
1355 2696 1490 2740 XXIII,
1518 2697 1584 2729 221
1601 2708 1653 2740 sq.

63 2780 65 2782 ·
128 2761 278 2806 XXXV,
306 2763 352 2796 28
377 2762 437 2807 (cf.
463 2762 626 2796 Koehler
653 2761 686 2796 d.
715 2760 936 2803 Dionysiaca
963 2758 996 2791 d.
1023 2757 1177 2791 Nonnus
1202 2768 1238 2800 p.
1265 2757 1309 2789 65
1341 2767 1376 2799 p.
1404 2755 1459 2788 31.
1488 2754 1534 2798 3).
1586 2754 1654 2788 De-

128 2820 242 2864 nique
263 2820 336 2855 huc
360 2821 524 2865 pertinet
549 2819 742 2855 Heliodori
768 2817 962 2852 historiola
1000 2816 1044 2850 de
1069 2815 1260 2850 Cnemone.
1301 2814 1338 2848 in
1366 2825 1437 2857 qua
1463 2813 1656 2857 Hippolyti

128 2877 296 2914 fabulam
321 2879 491 2914 denotari
518 2891 632 2924 supra
656 2877 810 2922 exposui
837 2877 886 2921 (p.
914 2877 959 2910 64
985 2878 1064 2919 sq.).
