1912 3310
1005 208 1072 242 114

280 320 499 363 manifesto
531 319 750 361 denotatur
772 320 795 371 ¹,
841 320 888 361 ut
918 319 1000 361 iam
1033 332 1257 362 asseverem
1287 320 1394 363 hanc
1423 334 1611 364 scaenam
1643 322 1806 365 concla-

274 387 549 429 matissimam
578 386 703 428 fuisse
733 387 772 427 et
803 387 985 428 omnium
1017 387 1239 429 memoriae
1276 388 1500 430 inhaesisse
1516 391 1542 430 2.
1574 414 1626 420 —
1657 390 1805 431 Nonne

273 455 398 496 etiam
430 454 703 508 cognoscitur,
753 467 877 507 quam
909 455 1151 507 praepotens
1184 454 1375 496 cothurni
1410 456 1637 498 auctoritas
1667 455 1803 506 fuerit,

273 521 307 563 si
351 522 466 574 pater
511 522 597 562 sine
641 521 727 562 ulla
774 520 1033 562 dubitatione
1081 520 1195 562 uxori
1246 521 1480 575 privignum
1533 522 1637 564 falso
1683 535 1805 564 accu-

273 589 382 630 santi
413 587 533 629 fidem
560 588 683 629 habet
715 587 980 641 graviterque
1013 587 1145 629 filium
1178 588 1390 641 castigat?
1453 589 1657 631 Narrator
1687 590 1805 631 addit

275 668 307 698 0.
338 656 420 696 XI:
469 651 530 704 (ἇς
557 655 603 696 δὲ
638 652 936 709 ἐνεπέπλιστο
969 657 1048 710 τῆς
1083 649 1227 710 οργῆς,
1274 649 1384 697 ἄλλα
1417 657 1488 698 νῦν
1517 672 1562 710 γε
1601 653 1722 712 ἔφην,
1768 673 1802 698 ω

276 737 426 774 narbo,
471 737 507 763 ξι
542 737 610 762 7αί
639 738 695 776 ΙΙΙ)
730 737 959 777 ΠΟΙΙῖἆΟΟῬ,
1005 721 1169 771 &mabog
1205 738 1257 762 αν
1295 717 1387 777 δί’]Ιν
1424 738 1500 777 [7¹2¹
1544 738 1683 765 oct'cww
1717 725 1805 764 ΐίῦν

275 789 449 843 πληγῶν
478 785 729 841 μανθάνειν.
764 783 787 829 ὃ
818 788 863 830 δὲ
893 789 1057 842 μᾶλλον
1089 789 1385 842 παροξυνθεὶς
1414 785 1450 830 ὦ
1479 791 1554 846 τῆς
1583 788 1805 843 εἰρωνείας

275 855 401 911 φησί·
445 852 521 905 τὰς
561 852 740 909 πράξεις
782 856 917 897 αὑτοῦ
958 853 1035 906 τὰς
1078 851 1255 906 ἀνοσίας
1300 856 1402 909 παρ’
1448 855 1552 909 ἐμοῦ
1597 853 1805 908 βούλεται

274 918 523 974 μανθάνειν.
609 922 829 964 Simillime
873 923 1084 976 Euripides
1131 936 1318 965 scaenam
1367 925 1591 974 exornavit,
1635 925 1678 965 in
1724 937 1805 977 qua

276 990 466 1042 Theseus,
514 991 732 1043 postquam
778 990 910 1031 filium
952 991 1182 1032 exsecratus
1231 991 1302 1041 est,
1350 990 1632 1032 advenientem
1675 1003 1805 1044 neque

275 1057 501 1110 quidquam
533 1057 810 1110 suspicantem
843 1057 1124 1098 vehementius
1155 1058 1340 1110 increpat
1370 1058 1482 1111 (Hip.
1514 1058 1596 1099 916
1628 1059 1720 1111 sq).

349 1129 358 1135 ⁴
409 1124 523 1165 Unus
568 1123 615 1164 de
658 1124 803 1165 habitu
850 1124 889 1165 et
933 1125 1080 1165 ornatu
1122 1125 1339 1179 Hippolyti
1386 1125 1635 1178 relinquitur
1678 1125 1804 1174 locus,

276 1191 345 1243 qui
377 1190 428 1232 ad
461 1189 633 1232 Senecae
664 1190 846 1232 fabulam
880 1190 1010 1232 denuo
1044 1192 1378 1244 perscrutandam
1405 1204 1476 1232 nos
1498 1191 1804 1233 adhortabitur.

276 1256 485 1298 Audiatur
527 1257 659 1310 igitur
704 1258 955 1310 postremum
997 1257 1175 1299 Cnemon
1215 1271 1388 1300 narrans
1426 1271 1459 1301 0.
1489 1258 1546 1299 X:
1592 1260 1803 1312 Παναθη-

411 1415 421 1434 ¹
448 1414 520 1448 Vix
547 1425 691 1448 necesse
717 1417 772 1448 est
799 1414 1000 1449 subnotare
1025 1427 1098 1449 non
1126 1415 1243 1460 ipsam
1270 1416 1503 1461 tragoediam
1529 1416 1730 1451 Heliodoro
1758 1416 1805 1451 ad

276 1486 404 1509 manus
420 1474 542 1518 fuisse,
562 1473 624 1508 sed
645 1474 743 1517 quod
759 1473 898 1508 dudum
917 1477 1062 1508 constat
1081 1475 1321 1509 intervenisse
1337 1475 1627 1519 Alexandrinos3
1648 1487 1804 1520 quorum

275 1534 431 1579 vestigia
458 1534 684 1568 ornamentis
709 1534 907 1578 praecipue
934 1534 1111 1579 impressa
1138 1535 1209 1569 alio
1238 1535 1317 1569 loco
1342 1535 1561 1569 adumbravi
1589 1535 1640 1579 (p.
1660 1536 1703 1568 64
1728 1535 1805 1578 sq.).

277 1593 327 1628 Ut
358 1605 445 1628 vero
480 1593 591 1627 etiam
626 1593 742 1638 magis
780 1597 957 1637 appareat
988 1605 1030 1628 ex
1063 1594 1174 1628 simili
1207 1594 1406 1638 archetypo
1433 1594 1583 1638 Apuleii
1613 1597 1649 1629 et
1681 1594 1804 1628 Helio-

276 1653 358 1686 ‹lori
386 1652 529 1687 fabulas
555 1651 715 1694 fluxisse,
742 1652 919 1685 nonnulla
954 1652 1067 1686 addo:
1110 1652 1309 1696 utrobique
1336 1653 1463 1686 nutrix
1491 1653 1622 1686 omissa
1650 1655 1727 1696 est3
1764 1655 1806 1686 ut

276 1711 374 1755 apud
400 1711 598 1755 Apuleium
628 1721 766 1753 servus,
806 1710 859 1744 ita
885 1710 945 1744 hic
974 1722 1080 1745 serva
1106 1722 1284 1745 novercae
1313 1711 1506 1745 calumniis
1534 1711 1742 1745 ministram
1769 1722 1806 1745 se

275 1768 446 1813 praebet3
481 1780 538 1802 res
564 1768 762 1812 utrobique
788 1769 826 1802 in
853 1768 1030 1803 iudicium
1056 1769 1238 1804 adductae
1264 1769 1343 1804 fuse
1370 1772 1585 1804 narrantur.
1632 1769 1805 1803 Iuvenem

275 1828 457 1861 insontem
491 1830 633 1861 remoto
667 1827 855 1861 iudicandi
891 1828 1013 1862 taedio
1053 1830 1175 1863 cuncti
1215 1829 1344 1863 iubent
1380 1827 1585 1873 ‘lapidibus
1628 1828 1803 1862 obrutum

274 1886 466 1930 publicum
489 1887 626 1920 malum
652 1886 799 1930 publice
824 1883 1039 1930 vindicari’,
1066 1890 1107 1921 ut
1131 1888 1311 1932 Apuleius
1330 1899 1358 1922 c.
1376 1887 1426 1922 VI
1444 1890 1586 1922 narrat.
1639 1886 1806 1921 Similem

275 1956 443 1979 scaenam
470 1944 691 1979 Heliodorus
718 1945 896 1979 describit
921 1957 949 1980 c.
976 1946 1073 1980 XIII.

411 2004 424 2024 2
450 2003 621 2038 Fortasse
647 2003 737 2038 haec
763 2004 841 2048 ipsa
868 2016 999 2039 scaena
1025 2005 1257 2050 agnoscenda
1283 2008 1337 2040 est
1362 2005 1401 2039 in
1418 2005 1566 2049 pictura
1579 2003 1806 2048 Pompeiana

275 2063 381 2097 Helb.
400 2074 458 2097 no.
481 2064 581 2104 1300,
609 2074 701 2106 quae
727 2063 779 2097 sic
803 2063 1026 2098 describitur
1050 2063 1108 2108 (cf.
1125 2064 1278 2108 Dilthey
1300 2063 1369 2098 Rh.
1395 2064 1488 2097 Mus.
1513 2062 1625 2104 XXV,
1648 2074 1683 2107 p.
1709 2064 1805 2104 157):

277 2121 404 2156 Puella
431 2122 468 2155 in
486 2133 606 2166 genua
624 2121 869 2165 procumbens
889 2122 1107 2166 suppliciter
1132 2122 1301 2157 dextram
1328 2122 1430 2156 tollit
1457 2122 1645 2156 sinistram
1663 2120 1806 2165 pectori

277 2180 484 2224 imponens3
511 2181 618 2214 vultu
643 2180 838 2224 desperato
866 2181 1034 2215 intuetur
1060 2181 1244 2226 iuvenem,
1273 2181 1336 2225 qui
1363 2181 1400 2215 in
1426 2180 1634 2215 vehementi
1660 2183 1806 2214 tumore

276 2240 392 2274 oculis
430 2240 505 2274 late
537 2239 698 2273 diductis
729 2239 774 2273 ab
806 2239 869 2273 illa
900 2239 1078 2285 aufugere
1113 2240 1262 2274 videtur
1294 2239 1404 2289 simul
1430 2239 1597 2284 gladium
1623 2239 1656 2273 ei
1684 2239 1806 2273 inten-

276 2301 369 2333 tans.
402 2318 438 2322 —
468 2297 568 2341 Quae
595 2298 719 2332 omnia
745 2298 893 2346 egregie
920 2299 1114 2333 concinere
1141 2310 1222 2333 cum
1249 2310 1391 2340 scaena,
1417 2310 1528 2342 quam
1556 2297 1693 2333 Seneca
1722 2297 1805 2331 illu—

276 2361 382 2397 strat,
410 2357 621 2392 fabularum
647 2360 815 2392 auctores
842 2358 1057 2402 respiciunt,
1098 2358 1193 2392 nihil
1220 2370 1310 2403 opus
1337 2361 1391 2393 est
1417 2358 1590 2402 probare.
1654 2356 1805 2400 Tamen,

277 2417 364 2451 dum
392 2416 678 2451 delineationem
704 2417 763 2451 vel
789 2416 907 2461 ipsam
931 2417 1118 2461 picturam
1135 2417 1276 2461 videro,
1301 2417 1480 2452 iudicium
1498 2417 1537 2450 in
1554 2415 1675 2451 medio
1694 2415 1805 2450 relin-

278 2487 405 2519 quam3
443 2476 662 2520 praesertim
691 2488 773 2511 cum
801 2476 846 2511 de
870 2475 1000 2521 figuris
1026 2476 1065 2510 in
1089 2476 1236 2520 pictura
1261 2479 1362 2511 retro
1389 2475 1518 2520 positis
1550 2474 1717 2520 quaestio
1745 2473 1804 2508 sit.

276 2534 371 2569 Nam
397 2534 534 2580 Helbig
560 2537 825 2569 commemorat
850 2534 1036 2579 feminam,
1081 2546 1174 2579 quae
1209 2546 1228 2569 e
1259 2546 1366 2569 muro
1399 2546 1569 2570 scaenam
1601 2532 1806 2578 prospiciat

277 2596 314 2628 et
342 2593 414 2627 duo
441 2593 596 2628 obscura
627 2594 762 2638 capita,
801 2593 951 2639 Dilthey
979 2594 1013 2636 (l.
1040 2593 1079 2638 l.)
1105 2605 1262 2638 puerum
1295 2594 1515 2628 clamantem
1553 2604 1703 2627 manum
1735 2591 1804 2625 tol-

276 2652 413 2686 lentem
440 2655 477 2687 et
508 2664 667 2687 servum.
730 2652 831 2696 Quae
869 2664 944 2687 non
981 2655 1059 2687 tam
1096 2664 1198 2687 meae
1236 2651 1539 2696 interpretationi
1573 2651 1804 2694 obstrepunt,

278 2721 389 2754 quam
415 2710 579 2754 Diltheyi
615 2711 660 2745 de
686 2711 841 2755 Byblide
876 2710 1096 2756 cogitantis;
1134 2710 1239 2754 adde,
1282 2709 1380 2754 quod
1410 2712 1453 2744 ut
1483 2709 1586 2744 illam
1611 2708 1649 2742 in
1675 2718 1805 2742 scaena

276 2769 474 2813 principali
493 2781 682 2814 agnoscas,
708 2781 828 2813 neque
848 2768 1002 2804 Ovidius
1028 2780 1147 2813 neque
1171 2768 1265 2803 alius
1287 2770 1415 2803 auctor
1440 2767 1580 2802 suadet.
1629 2765 1708 2800 Alii
1732 2765 1805 2800 alia

277 2827 388 2861 etiam
414 2827 614 2862 incertiora
641 2828 916 2862 coniectarunt:
945 2827 1082 2872 Helbig
1106 2827 1291 2862 Achillem
1316 2829 1353 2862 et
1378 2825 1611 2861 Deidamiam
1635 2823 1803 2869 putavit3

276 2885 477 2920 Miner-vini
503 2886 652 2931 (Bullet.
679 2886 841 2931 Napolit.
869 2886 885 2920 I
911 2897 947 2931 p.
977 2887 1036 2930 75)
1061 2886 1285 2921 Alcmaeona
1311 2888 1348 2920 et
1373 2885 1588 2929 Eriphylen.
