1912 3310
842 166 887 199 43

97 278 389 331 pronuntiatur
402 281 425 320 ¹.
489 280 628 321 Audeo
660 280 790 333 igitur
822 279 1006 332 Euripidi
1037 279 1247 331 assignare
1278 278 1355 331 frg.
1386 277 1520 331 adesp.
1553 277 1623 317 72:

361 342 543 386 πολλάκι
573 362 649 399 μοι
681 346 913 399 πραπίδων
943 345 1097 401 διῆλθε
1129 343 1328 399 φροντίς,

362 407 449 453 εἴτε
480 410 586 463 τύχα
617 413 721 466 [τις]
753 408 839 453 εἴτε
869 411 1036 464 δαίμων

360 475 413 519 τὰ
440 475 614 531 βρότεια
640 478 814 531 κραίνει,

361 541 482 598 παρά
512 548 549 586 τ’
583 545 737 586 ἐλπίδα
764 545 834 586 καὶ
864 546 984 598 παρὰ
1013 544 1134 586 δίκαν

364 610 466 661 τοὺς
496 611 573 664 μὲν
603 605 679 652 ἄπ’
715 608 846 652 οἴκων
875 612 910 653 δ’
943 607 1269 661 ἅναπίπτονῖας

359 673 468 732 οἷτάρ
492 681 621 727 θεοῦ,
653 677 754 728 τούς
782 678 818 719 δ’
852 680 1136 730 εὐτυχοῦντας
1164 672 1281 732 ἷῖγειῖ

99 749 139 789 et
176 746 359 788 versibus
402 746 498 787 Eur.
536 746 632 799 Hip.
668 747 773 787 1102
810 759 869 799 sq.
909 747 1085 787 similem
1128 745 1324 786 introitus
1366 744 1538 785 forman]
1585 742 1625 783 et

97 813 272 856 Senecae
298 813 575 854 imitationem
610 813 651 854 in
684 814 885 855 rationein
916 826 1064 854 vocans
1091 813 1167 865 ipsi
1198 813 1336 853 nostro
1353 811 1491 852 Velati
1522 809 1622 850 loco.

97 881 244 922 Restat
273 893 400 921 unum
427 881 634 921 cauticum
666 881 758 933 post
789 880 981 921 nuntium
1013 881 1211 921 insertum
1232 879 1322 920 Sen.
1353 891 1390 918 v.
1419 878 1524 918 1123
1545 889 1624 929 sq.:

92 943 244 989 ‘minor
300 946 343 987 in
406 947 543 1000 parvis
606 947 788 988 Fortuna
853 947 954 988 furit
1016 947 1245 998 Leviusque
1310 945 1405 986 ferit
1468 943 1622 985 leviora

96 1008 225 1067 deus'3
267 1026 347 1067 quo
389 1013 477 1055 loco
519 1014 734 1067 Euripides
767 1027 803 1055 v.
839 1015 944 1056 1268
984 1028 1042 1068 sq.
1075 1015 1244 1055 chorum
1281 1013 1444 1054 Amoris
1482 1012 1622 1053 landes

96 1081 310 1123 canentem
340 1080 689 1134 inducit‚'quibus
721 1080 915 1122 Senecam
955 1082 1035 1123 alio
1066 1082 1154 1122 loco
1187 1081 1359 1122 abusum
1390 1091 1473 1120 esse
1503 1078 1622 1119 modo

95 1147 289 1189 vidimus.
349 1146 604 1189 Sententiam
637 1148 788 1198 autem,
835 1161 959 1201 quam
1005 1149 1123 1201 poeta
1171 1148 1379 1188 Romanus
1424 1145 1621 1194 illustrat,

96 1212 276 1255 Graecae
297 1214 535 1267 tragoediae
564 1214 733 1255 minime
764 1215 950 1267 ignotam
975 1215 1098 1255 fuisse
1129 1214 1374 1255 documento
1409 1212 1505 1253 sunt
1524 1211 1619 1251 Eur.

95 1280 173 1332 frg.
203 1280 282 1322 inc.
324 1280 429 1321 1027
463 1282 503 1322 et
533 1281 611 1334 frg.
659 1281 794 1334 adesp.
825 1282 919 1331 462,
960 1281 1066 1334 quod
1108 1281 1228 1334 plane
1271 1281 1312 1321 in
1353 1278 1495 1320 eadem
1529 1289 1621 1318 sen-

93 1347 225 1389 tentia
265 1347 425 1400 copiose
456 1347 675 1389 tractanda
704 1350 902 1390 versatur.
978 1348 1113 1390 Simul
1145 1347 1266 1389 velim
1307 1346 1347 1387 in
1380 1344 1620 1386 memoriam

96 1426 258 1456 revoces
286 1421 368 1455 'me
407 1416 529 1456 antea
574 1415 670 1456 huic
713 1415 790 1468 ipsi
836 1416 982 1468 prioris
1013 1415 1229 1469 Hippolyti
1267 1414 1354 1455 loco
1393 1411 1620 1454 Phaedram

95 1481 182 1522 neci
206 1481 466 1523 voluntariae
496 1482 750 1535 praefantem
773 1484 812 1522 et
838 1482 1032 1523 nuntium
1053 1482 1101 1523 de
1123 1482 1207 1523 eius
1229 1482 1359 1522 morte
1382 1479 1621 1521 vindicasse.

97 1547 204 1600 Quid
225 1547 388 1602 igitur?
447 1548 678 1590 Phaedram
712 1549 897 1602 reginam
929 1549 1170 1590 divitiarum
1194 1547 1459 1589 contubernio
1482 1545 1622 1598 volup-

93 1615 202 1656 tates
237 1615 440 1657 excitante
479 1618 742 1668 corruptam³
770 1639 823 1644 —
853 1616 977 1657 talem
1012 1615 1243 1657 Phaedram
1274 1615 1448 1656 mortem
1480 1613 1621 1653 volun-

92 1681 242 1723 tariam
266 1682 521 1724 subituram4
554 1695 687 1724 nonne
711 1683 857 1724 chorus
888 1683 1099 1736 aptissime
1127 1680 1542 1734 contemplationibus
1574 1679 1622 1719 de

94 1748 274 1797 fortuna,
307 1761 410 1802 quae
439 1749 573 1790 minor
602 1749 643 1790 in
676 1750 813 1802 parvis
845 1750 969 1800 furat,
1016 1748 1359 1802 prosequeretur?
1419 1746 1621 1798 Computa

93 1814 228 1866 modo,
258 1828 338 1868 qua
370 1816 530 1857 ratione
549 1816 701 1858 Seneca
719 1816 922 1858 Graecum
945 1816 1148 1869 exemplar
1170 1816 1332 1857 secutus
1355 1814 1421 1864 (cf.
1437 1814 1512 1854 Leo
1529 1813 1556 1853 l.
1574 1812 1620 1862 l.)

94 1882 296 1924 nutricem
326 1882 518 1924 alumnae
546 1883 759 1925 libidinem
804 1884 1085 1937 exagitantem
1128 1883 1329 1936 proponat
1363 1895 1399 1924 v.
1432 1882 1512 1923 204
1542 1894 1621 1935 sq.:

292 1950 478 2003 quisquis
508 1950 695 1991 secundis
725 1952 843 1992 rebus
875 1950 1053 1992 exsultat
1082 1950 1203 1991 nimis

289 2017 463 2072 fluitque
492 2019 603 2068 luxu,
635 2032 792 2072 semper
821 2019 990 2061 insolita
1021 2019 1190 2072 appetit.

293 2085 409 2127 Tunc
437 2086 511 2128 illa
542 2099 717 2140 magnae
747 2086 838 2128 dira
870 2087 1060 2128 fortunae
1093 2098 1226 2128 comes

291 2153 403 2194 subit
428 2153 556 2195 libido
588 2166 620 2195 e.
652 2168 689 2208 q.
721 2167 751 2195 s.

228 2248 239 2267 ¹
266 2247 320 2282 Cf.
347 2248 433 2283 Hec.
461 2250 530 2282 488
555 2260 606 2293 sq.
633 2249 703 2294 frg.
734 2251 814 2293 288,
841 2251 921 2284 829.
952 2250 1023 2284 Hic·
1041 2261 1186 2293 quoque
1204 2248 1406 2283 Menander
1424 2247 1618 2292 Euripidis

95 2307 360 2341 aemulatorem
389 2318 426 2341 se
451 2307 681 2351 praestitisse
707 2308 873 2352 videtui-3
899 2308 944 2343 cf.
971 2308 1041 2354 frg.
1067 2309 1147 2342 581.
1182 2308 1228 2341 Μ.
1258 2306 1319 2351 IV,
1345 2307 1425 2340 252.
1451 2306 1522 2351 frg.
1551 2307 1617 2339 771

93 2366 222 2399 -774.
261 2364 311 2399 M.
339 2365 395 2407 lV,
423 2366 503 2400 288.
533 2367 612 2400 289.

225 2424 239 2444 ²
264 2422 306 2457 V.
334 2424 354 2456 2
386 2437 436 2462 τις
472 2436 542 2458 0111.
579 2425 680 2468 libri,
721 2437 755 2459 v.
784 2426 803 2458 3
831 2429 939 2469 κρίνει
971 2425 1100 2460 Nauck
1134 2425 1369 2460 scribendum
1399 2423 1618 2468 suspicatur,

89 2493 124 2516 v.
159 2481 180 2515 5
215 2492 268 2525 sq.
301 2479 380 2519 τοὺς
420 2482 494 2527 μὲν
523 2480 587 2517 ἀπ’
621 2487 731 2517 οἴκων
769 2487 1061 2521 καταπίπτοντας
1097 2484 1169 2528 (vel
1207 2481 1497 2525 ἀποπίπτοντας)
1537 2477 1619 2525 ἄτερ

92 2540 182 2573 θεοῦ
208 2540 365 2575 coniecit
391 2540 539 2575 Gesner.

224 2598 237 2618 3
264 2597 317 2632 Cf.
343 2598 414 2643 frg.
441 2600 527 2633 441:
557 2596 658 2643 ὕβριν
682 2611 719 2633 τε
744 2603 847 2633 τίκτει
877 2601 1039 2641 πλοῦτος,
1069 2598 1109 2633 οὗ
1137 2599 1253 2646 φειδώ
1281 2604 1361 2643 βίου
1386 2603 1423 2634 et
1449 2599 1519 2644 frg.
1537 2600 1617 2635 440.

92 2655 209 2690 Simul
234 2655 391 2690 Senecae
417 2660 453 2691 et
479 2656 604 2691 Ovidii
644 2658 837 2691 sententiis
865 2659 902 2691 in
935 2670 1083 2692 censum
1117 2660 1270 2703 vocatis,
1309 2659 1492 2702 quomodo
1530 2658 1621 2692 haec

88 2714 211 2748 omnia
225 2718 354 2748 mutuo
374 2726 411 2748 se
430 2715 567 2749 lumine
586 2716 783 2761 insigniter
802 2716 999 2756 illustrent,
1020 2717 1095 2751 Leo
1119 2717 1141 2751 1.
1159 2717 1180 2751 1.
1195 2729 1230 2761 p.
1253 2719 1316 2751 174
1335 2730 1386 2762 sq.
1401 2717 1617 2752 enucleavit.

225 2774 239 2793 4
264 2773 313 2807 Iis
351 2775 585 2818 computatis,
630 2786 723 2818 quae
761 2778 872 2808 antea
910 2775 1110 2819 disputavi,
1153 2775 1314 2821 longiori
1353 2776 1495 2811 cantico
1534 2778 1619 2820 post

95 2830 285 2866 Phaedrae
313 2835 472 2866 mortem
497 2835 605 2877 aptus
632 2833 732 2867 locus
759 2844 834 2867 non
861 2836 927 2868 est.
