1912 3310
842 165 886 198 59

94 271 209 331 λόγῳ
240 275 309 317 καὶ
339 279 571 330 καταρᾶται
605 280 680 320 τοῦ
716 275 877 327 παιδὸς
914 275 967 319 zo}
1007 274 1216 331 ὁρώμενα.
1277 279 1456 321 Attende
1499 278 1618 320 modo

94 342 287 384 Ovidium
318 343 457 385 eadem
493 345 652 386 ratione
682 358 766 386 rem
798 345 1019 395 absolvere,
1068 347 1113 385 ut
1145 358 1166 386 a
1199 345 1302 386 falsa
1334 346 1619 386 criminatione

91 409 265 462 incipiat
308 423 346 452 v.
390 411 472 451 500
512 412 552 452 et
598 412 747 452 amoris
786 412 1216 452 commemorationem
1254 412 1450 452 sermonis
1488 411 1619 453 conti-

91 476 280 518 nuationi
325 476 502 518 mediam
550 476 713 518 demum
759 479 1007 530 interponat.
1069 478 1237 519 Accedit
1281 478 1464 531 denique7
1512 477 1617 530 quod

92 542 342 597 Hippolytus
373 543 458 596 ipse
488 543 577 601 fata
608 556 681 585 sua
713 557 885 586 narrans
915 544 1144 585 inducitur:
1192 545 1266 586 hae
1300 545 1519 586 Battiadae
1550 544 1619 585 de-

91 609 223 651 liciae.

227 676 339 719 Num
369 677 469 719 haec
499 677 637 718 omnia
671 677 786 729 parvi
819 678 1025 719 existimas
1058 678 1108 719 ad
1131 677 1454 719 confirmandam
1487 690 1619 719 meam

94 743 396 785 conclusionem
419 743 612 785 Ovidium
637 742 890 785 Callimacho
914 757 953 785 se
976 745 1251 794 adstrinxisse‚
1281 745 1331 786 ad
1354 745 1467 786 cuius
1490 757 1620 786 exem-

92 810 183 864 plar
211 809 348 856 aetion
378 810 482 852 illud
514 811 624 852 ultro
656 823 728 852 nos
761 811 962 852 deduxit?
1024 812 1165 864 Neque
1202 812 1332 865 igitur
1362 812 1620 864 praetermit-

91 877 260 918 tendum
292 877 565 931 Hippolytum
598 877 772 930 profugo
805 890 926 918 curru
958 878 1160 920 Troezena
1192 880 1325 931 petere
1366 891 1403 919 v.
1436 879 1527 928 506,
1574 879 1620 918 ut

94 943 202 997 quod
234 944 372 986 Velati
404 944 620 998 Hippolyti
652 944 718 997 sit,
765 944 879 985 cuius
913 957 1100 986 scaenam
1134 946 1307 986 Athenis
1345 945 1468 985 fuisse
1507 945 1619 986 evici.

94 1010 246 1052 Eodem
277 1011 467 1064 pertinet,
513 1011 622 1064 quod
652 1011 842 1053 Phaedra
883 1012 1088 1064 repulsam
1131 1024 1250 1065 aegre
1291 1011 1450 1053 ferens¹
1495 1011 1620 1064 privi-

92 1089 221 1131 gnum
252 1077 435 1119 criminis
467 1078 596 1120 defert
628 1092 664 1120 V.
697 1079 800 1120 503:
829 1077 839 1091 ⁶
865 1079 1060 1120 indiciine
1092 1079 1202 1119 metu
1239 1079 1371 1131 magis
1416 1078 1618 1119 offensane

93 1145 318 1198 repulsae?
380 1145 539 1187 Metum
567 1146 729 1199 quidem
762 1146 805 1186 in
838 1146 1010 1187 alteram
1034 1147 1197 1187 tantum
1220 1145 1450 1187 Phaedram
1478 1145 1619 1186 cadere

95 1213 134 1254 et
164 1212 330 1266 vulgari
360 1213 692 1266 interpretationi
735 1214 948 1255 convenire
992 1213 1215 1254 identidem
1257 1213 1408 1254 monui.
1468 1212 1619 1253 Totum

93 1282 232 1323 autem
265 1281 401 1322 locum
431 1280 753 1322 Alexandrinam
786 1282 915 1322 artem
947 1281 1101 1334 spirare
1133 1281 1271 1333 postea
1301 1279 1486 1321 elucebit.

227 1348 377 1390 Paucis
407 1347 552 1389 deinde
578 1361 737 1389 necesse
759 1350 820 1390 est
841 1349 1013 1400 tangam
1034 1348 1210 1389 alterum
1237 1348 1454 1389 Fastorum
1484 1347 1619 1387 locum

95 1417 186 1471 (VI,
218 1417 296 1458 735
325 1417 416 1469 sq.)‚
465 1427 544 1469 quo
578 1414 749 1457 Ovidius
785 1428 807 1456 a
841 1415 1091 1468 Serpentarii
1129 1415 1246 1467 signo
1285 1426 1446 1456 exorsus
1481 1413 1619 1465 paullo

96 1483 214 1537 plura
241 1483 290 1525 de
319 1483 546 1536 Hippolyto
580 1482 813 1535 Aesculapii
846 1482 997 1523 auxilio
1029 1482 1295 1523 reviviscente
1335 1482 1374 1522 et
1413 1481 1461 1521 de
1491 1480 1621 1521 divini

95 1549 242 1591 medici
275 1549 396 1590 fatis²
429 1551 582 1592 narrat.
643 1550 770 1591 Poeta
804 1550 1012 1591 Romanus
1044 1549 1184 1602 procul
1223 1548 1345 1589 dubio
1383 1548 1621 1589 Eratosthe-

95 1629 187 1658 nem
222 1617 383 1670 praesto
415 1617 561 1659 habuit
606 1616 673 1668 (cf.
708 1617 861 1658 Rcbert
898 1616 1106 1658 Eratosth.
1141 1615 1295 1657 Catast.
1328 1628 1364 1668 p.
1398 1614 1482 1668 29).
1542 1614 1621 1655 Hic

95 1683 204 1725 enim
243 1684 386 1726 narrat
431 1683 540 1736 (Cat.
573 1684 643 1725 VI.
681 1684 782 1725 Rob.
828 1696 864 1736 p.
899 1684 969 1724 685
1017 1683 1109 1724 deos
1153 1683 1280 1723 iratos
1327 1682 1462 1732 fuisse,
1515 1680 1622 1734 quod

95 1751 365 1804 Aesculapius
402 1751 614 1793 hominum
651 1751 759 1792 vitas
800 1751 911 1792 ultra
951 1750 1037 1791 fata
1075 1749 1318 1802 protendens
1362 1749 1499 1790 debita
1544 1748 1622 1789 sibi

94 1817 185 1859 iura
229 1818 506 1860 debilitasset:
551 1818 621 1859 καὶ
657 1818 746 1858 τῶν
782 1819 902 1859 θεῶν
941 1817 1158 1869 δυσχερῶς
1204 1817 1338 1856 τοῦτα
1385 1812 1620 1871 φερόντων,

95 1881 133 1925 εἰ
163 1880 205 1924 αἱ
236 1883 354 1936 τιμαὶ
385 1881 763 1939 καταλυθήσονται
795 1878 938 1925 αὐτῶν
966 1883 1201 1938 τηλικαῦτα
1235 1880 1335 1936 ἔργα
1356 1876 1623 1936 Ἀσκληπιοῦ

100 1949 421 2002 ἐπιτελοῦντος,
474 1965 577 2006 quae
624 1952 826 2005 quomodo
860 1951 1045 2005 intellegi
1087 1951 1260 1992 debeant
1297 1951 1467 1993 Ovidius
1505 1950 1623 1991 docet

95 2032 132 2061 v.
163 2019 266 2060 757:

297 2086 342 2128 at
373 2085 594 2140 Clymenus
628 2085 856 2139 Clothoque
887 2085 1040 2135 dolent,
1072 2085 1182 2134 haec,
1213 2084 1283 2125 fila
1314 2083 1456 2137 reneri,

473 2154 551 2203 hic,
587 2153 673 2195 fieri
705 2153 820 2206 regni
852 2152 942 2194 iura
972 2152 1129 2193 minora
1159 2152 1232 2193 sui.

99 2220 244 2274 Apollo
275 2221 414 2262 autem
445 2220 560 2273 luget
594 2220 725 2261 filium
760 2219 931 2260 fulmine
962 2231 1197 2272 percussum
1225 2232 1261 2259 v.
1295 2219 1394 2259 761:

293 2288 469 2338 Phoebe,
502 2287 749 2341 querebaris.
798 2287 905 2327 Deus
937 2287 1010 2333 est,
1043 2286 1204 2338 placare
1234 2284 1414 2338 parenti:

361 2355 525 2408 propter
555 2358 607 2404 te,
640 2353 725 2395 fieri
757 2353 865 2406 quod
898 2355 1023 2403 vetat,
1054 2353 1139 2406 ipse
1170 2352 1282 2393 facit.

232 2490 244 2509 ¹
270 2489 314 2523 In
341 2492 547 2524 retractata
571 2489 700 2525 fabula
726 2501 782 2523 res
818 2500 862 2522 ne
891 2500 931 2522 eo
961 2487 1107 2532 quidem
1136 2486 1343 2529 adducitur,
1386 2488 1426 2519 ut
1454 2484 1622 2519 Phaedra

73 2547 164 2594 ¹ulli
203 2548 372 2592 repulsae
407 2549 573 2593 periculo
606 2560 643 2583 se
674 2551 846 2592 exponat,
885 2550 925 2581 ut
951 2547 1123 2580 lVelcker
1158 2546 1195 2587 (l.
1223 2546 1244 2578 l.
1280 2557 1313 2588 p.
1343 2544 1427 2585 402)
1462 2543 1621 2585 monuit;

99 2607 163 2650 qui
200 2607 286 2641 inde
317 2619 514 2652 perperam
546 2607 725 2642 conclusit
752 2606 889 2640 Nasoni
917 2605 1105 2649 Sophoclis
1133 2603 1339 2637 Phaedram
1367 2603 1463 2636 inter
1494 2613 1622 2635 manus

97 2664 220 2700 fuisse.

231 2724 245 2744 ²
271 2725 544 2759 Alexandrinos
578 2724 811 2759 mirabilibus
847 2723 1059 2756 morborum
1096 2720 1348 2754 curationibus
1381 2718 1621 2763 depingendis

98 2782 353 2818 lubentissime
378 2784 559 2818 institisse
582 2784 744 2828 probant
770 2782 891 2817 Nonni
917 2780 1143 2815 imitationes
1171 2778 1320 2821 Dionys.
1338 2777 1452 2820 XVII,
1478 2778 1546 2811 357
1567 2788 1621 2821 sq.

97 2841 211 2887 XXV,
237 2842 305 2877 538
329 2854 382 2887 sq.
409 2843 561 2884 XXXV,
589 2844 634 2877 60
660 2854 712 2886 sq.
