1912 3310
886 166 951 200 103

158 280 343 323 fabulam
375 280 624 322 amatoriam
655 281 904 322 Plutarchus
939 279 1123 333 (Quaest.
1147 280 1289 322 Graec.
1321 281 1386 332 40,
1411 281 1546 334 Bergk
1578 280 1621 322 P.
1640 280 1684 321 L.

151 347 212 389 ed.
231 347 290 388 111
307 360 345 400 p.
368 348 491 397 1205)
518 359 597 388 non
620 348 706 389 tam
730 338 836 388 nude
858 347 897 388 et
920 347 1079 388 exiliter
1109 347 1200 399 dat,
1230 348 1276 388 ut
1307 348 1505 388 nonnulla
1536 348 1686 389 omissa

157 426 241 455 esse
285 413 430 455 merito
477 414 712 467 suspiceris,
766 413 809 454 in
846 414 908 454 his
954 413 1105 454 haeret.
1180 414 1283 454 ltem
1331 414 1396 454 hic
1441 425 1688 454 commemo-

151 480 282 522 randa
313 480 526 521 Parthenii
559 481 873 522 narratiuncula
906 481 1054 534 quarta
1085 480 1244 521 decima
1274 475 1459 532 (ἱστορεῖ
1488 475 1687 532 Ἀριστο-

151 546 274 601 τέλης
309 546 380 587 καὶ
412 542 450 588 οἳ
482 545 536 588 τὰ
568 543 837 602 ΗΙιλησιακά)
876 548 924 589 de
956 547 1168 597 Cleoboea,
1213 560 1317 600 quae
1348 547 1500 589 Anthei
1532 547 1687 588 obsidis

150 614 309 656 Phobio
341 615 508 668 coniugi
540 614 627 656 dati
660 627 798 656 amore
837 615 1001 668 flagrat,
1043 614 1173 656 libera
1205 613 1278 655 illa
1311 627 1470 667 quoque
1501 614 1552 655 ab
1583 613 1689 655 eius-

151 681 262 722 modi
300 681 515 723 coloribus.
575 681 663 733 Quo
710 681 882 722 fortasse
926 681 1105 722 insolens
1154 682 1193 722 et
1238 681 1370 722 omnis
1416 680 1590 722 rationis
1624 693 1686 721 ex-

151 761 240 801 pers
269 747 397 789 libido
429 748 640 798 mulieris,
689 749 734 789 ut
768 759 872 801 quae
903 749 994 801 post
1027 748 1233 801 repulsam
1266 749 1353 801 ipsa
1384 748 1523 789 iuveni
1557 748 1687 788 vitam

152 814 371 856 crudeliter
401 814 572 864 adimat,
605 814 875 863 denotatur1;
922 828 1015 856 cum
1056 827 1118 855 res
1157 815 1278 867 plane
1311 814 1450 855 eadem
1480 815 1533 855 sit
1564 815 1605 854 in
1634 814 1688 854 si-

152 881 241 923 mili
285 881 426 924 fabula
467 881 516 922 de
555 881 703 922 illicito
751 894 907 931 amore,
962 894 1040 935 quo
1089 881 1204 935 Cyno
1253 881 1400 922 mulier
1447 893 1594 934 procax
1641 893 1688 922 ac

150 949 342 1001 petulans
392 948 443 990 ad
487 948 774 990 Habrocomeu
824 948 984 1002 rapitur
1032 947 1234 1001 (Xenoph.
1282 948 1426 1000 Ephes.
1473 948 1558 997 ΙΙΙ,
1602 948 1686 999 12).

150 1016 335 1069 Accedit,
367 1016 474 1069 quod
505 1016 605 1057 haec
636 1016 742 1057 ratio
780 1017 946 1057 resonat
976 1016 1123 1056 veteris
1156 1015 1287 1068 mythi
1320 1015 1532 1063 naturam;
1565 1014 1687 1055 nimi-

151 1096 240 1125 rum
272 1083 447 1125 luctatio
479 1096 593 1125 cassa
624 1083 825 1136 irritaque
857 1083 986 1124 videri
1015 1083 1153 1133 debet,
1199 1082 1233 1123 si
1264 1082 1361 1124 irati
1392 1081 1456 1122 dei
1486 1081 1686 1122 incestum

151 1150 371 1192 libidinum
402 1150 632 1203 appetitum
665 1150 861 1192 conflasse
883 1151 1094 1203 putantur.
1125 1174 1178 1178 —
1209 1149 1396 1202 Euripidi
1419 1149 1584 1202 quidem
1605 1161 1686 1189 non

152 1218 330 1272 contigit
370 1230 510 1271 pacem
554 1218 772 1262 conciliare
814 1218 921 1258 inter
966 1218 1155 1271 mythum
1205 1218 1245 1258 et
1290 1217 1399 1258 vitae
1448 1216 1685 1266 veritatem3

153 1285 349 1326 Venerem
383 1285 520 1327 omnia
564 1285 616 1326 ad
661 1298 779 1326 snum
821 1285 1042 1326 arbitrium
1083 1286 1291 1337 regentem
1323 1284 1518 1325 inducens
1550 1283 1688 1336 prohi-

153 1351 256 1405 buit,
302 1352 521 1405 quominus
559 1351 858 1404 exspectatione
903 1352 1054 1392 intenti
1095 1351 1236 1401 simus,
1284 1363 1461 1404 quonam
1508 1348 1689 1390 amantis

152 1418 282 1459 animi
311 1418 487 1460 luctatio
519 1419 676 1472 vergat.
734 1418 884 1459 Contra
919 1418 1096 1459 Ovidius
1126 1418 1316 1468 delicato,
1368 1430 1447 1471 quo
1479 1416 1689 1468 praeditus

153 1487 214 1528 est
258 1499 390 1536 sensu,
436 1486 587 1539 ubique
617 1487 659 1527 in
690 1486 842 1528 fabulis
882 1486 966 1526 illis
1012 1486 1228 1527 amatoriis
1260 1485 1429 1526 Veneris
1461 1484 1690 1525 aliorumve

153 1553 322 1595 deorum
360 1553 602 1595 incitatione
639 1554 850 1595 tralaticia
887 1553 1074 1606 neglecta
1106 1552 1281 1594 removit
1312 1552 1388 1593 hoc
1419 1551 1687 1604 impedimen-

153 1621 257 1663 tum.
315 1621 585 1663 Alexandrini
618 1621 835 1674 praeivisse
868 1620 1079 1668 videntur3
1114 1619 1281 1660 Veneris
1312 1619 1417 1660 iram
1449 1618 1690 1671 plerumque

152 1688 349 1729 reticent²
396 1689 438 1729 in
490 1689 565 1730 hac
606 1702 648 1730 re
688 1689 787 1729 scite
822 1702 845 1730 a
876 1688 1037 1740 tragico
1070 1687 1312 1728 recedentes.
1373 1685 1451 1727 Sed
1485 1684 1583 1738 quid
1613 1696 1687 1737 ego

152 1757 302 1808 plura?
347 1756 491 1798 Nonne
522 1757 634 1809 ipsae
663 1756 804 1797 breves
837 1755 1113 1808 Hippolyteae
1144 1753 1308 1795 fabulae
1340 1751 1688 1801 narratiunculae,

153 1836 255 1878 quas
291 1823 334 1864 in
370 1824 503 1877 priore
543 1823 845 1865 dissertationis
886 1823 1000 1876 parte
1039 1821 1269 1863 examinavi
1303 1820 1358 1873 (p.
1391 1820 1444 1860 46
1476 1818 1566 1873 sq.),
1599 1831 1690 1860 sen-

290 1960 300 1978 ¹
330 1958 387 1993 Ad
414 1958 667 2002 compilatoris
701 1959 925 1992 brevitatem
952 1958 1037 1991 nolo
1071 1969 1286 2002 provocare,
1326 1955 1474 2000 quando
1507 1955 1577 1999 ipsi
1603 1954 1690 1988 Ale—

154 2018 289 2052 xandri
307 2018 432 2052 Aetoli
452 2029 577 2052 versus
598 2017 695 2051 hunc
723 2028 885 2051 amorem
913 2017 1143 2050 illustrantes
1171 2015 1305 2050 servati
1337 2018 1441 2057 sunt3
1469 2014 1514 2049 cf.
1530 2013 1688 2047 Meinek.

153 2077 176 2111 1.
205 2077 228 2111 1.
253 2089 287 2122 p.
314 2078 380 2111 ‘219
408 2089 459 2121 sq.
511 2076 650 2111 Tamen
676 2076 868 2121 Euripidis
902 2076 1065 2110 imitatio
1104 2074 1396 2119 deprehenditur
1430 2074 1467 2107 in
1497 2085 1551 2108 eo.
1592 2071 1690 2116 quod

147 2136 198 2170 'de
231 2139 330 2171 casto
363 2136 506 2178 iuvene,
549 2136 613 2180 qui
647 2136 771 2170 Iovem
811 2136 1033 2180 hospitalem
1075 2135 1216 2168 veritus
1254 2134 1445 2168 mulierem
1486 2134 1689 2174 aversatur,

153 2195 365 2230 Alexander
382 2196 514 2240 pangit
532 2207 566 2229 V.
586 2195 642 2228 16:
670 2191 815 2238 κρήναις
843 2197 900 2227 καὶ
930 2197 1110 2238 nonesto&
1137 2194 1253 2235 vliper'
1281 2190 1395 2229 ἀεικὲς
1424 2192 1521 2228 ἔπος.
1549 2189 1690 2224 Eadem

154 2254 316 2299 imagine
342 2254 465 2288 utitur
492 2254 716 2298 Hippolytus
751 2253 848 2297 apud
875 2253 1095 2297 Euripidem
1128 2252 1312 2286 nutricem
1350 2254 1504 2295 propter
1542 2248 1690 2282 foedam

154 2313 455 2348 sollicitationem
482 2313 618 2347 acriter
645 2312 799 2347 adortus
826 2325 860 2346 v.
887 2314 972 2346 653:
1017 2309 1096 2355 (ἑγὼ
1126 2313 1242 2356 ῥυτοῖς
1268 2313 1467 2354 νασλιιοῖσιν
1499 2303 1690 2352 ἑξορμόξο-

153 2385 233 2416 μαι,
269 2371 273 2415 Ι
308 2373 358 2409 εἰς
390 2366 461 2405 ὦτα
507 2367 651 2411 negant.
716 2372 805 2406 Cum
840 2370 997 2405 Senecae
1038 2370 1262 2414 Hippolytus
1294 2379 1489 2402 novercam
1527 2378 1690 2401 amorem

154 2430 289 2465 fassam
329 2431 495 2474 increpet
533 2442 564 2465 V.
593 2431 677 2464 715:
725 2428 830 2473 ‘quis
859 2430 957 2464 eluet
982 2441 1040 2463 me
1066 2426 1216 2462 Tanais'
1247 2440 1275 2462 e.
1303 2440 1336 2471 q.
1363 2439 1401 2470 s.,
1442 2438 1515 2460 non
1548 2426 1690 2468 dubito,

155 2489 245 2533 quin
270 2489 469 2533 Euripides
495 2489 565 2523 hoc
591 2492 849 2523 ornamentum
880 2489 925 2522 ab
953 2488 1081 2521 eadem
1109 2487 1230 2521 Velati
1257 2497 1387 2520 scaena
1413 2488 1603 2519 mutuatus
1631 2485 1689 2518 sit.

155 2549 284 2592 Itaque
313 2548 361 2583 ad
387 2548 484 2582 idem
514 2548 702 2592 exemplar
732 2547 969 2581 referendum
998 2547 1079 2589 erit,
1107 2545 1205 2589 quod
1227 2545 1316 2579 deus
1343 2544 1570 2578 vaticinatur
1598 2545 1690 2579 v.13

154 2608 312 2651 puellam
335 2607 448 2641 amati
475 2607 618 2641 iuvenis
645 2607 801 2651 genibus
828 2606 1092 2640 advoluturam
1117 2616 1211 2648 esse,
1239 2616 1324 2637 nam
1351 2614 1371 2636 a
1398 2606 1473 2637 tam
1500 2603 1602 2647 turpi
1628 2602 1689 2637 ad-

155 2669 282 2710 spectu
308 2666 346 2699 in
372 2666 491 2710 ipsam
515 2677 684 2699 scaenam
711 2664 951 2709 producendo
980 2668 1129 2707 poetam
1156 2663 1279 2696 Velati
1305 2662 1501 2706 Hippolyti
1528 2674 1602 2695 non
1629 2662 1690 2696 ab·

155 2724 324 2758 horuisse
351 2727 460 2758 antea
486 2724 726 2769 cognovimus
753 2725 802 2767 (p.
830 2725 896 2763 35).

292 2784 304 2803 ‘·'
333 2783 650 2817 Commemoratur
683 2783 721 2816 in
746 2782 927 2826 Leucippi
961 2782 1089 2816 fabula
1115 2781 1258 2823 (Parth.
1284 2780 1340 2825 V).
1378 2777 1426 2805 1-
1466 2779 1687 2824 Apollonius

154 2841 321 2877 Rhodius
350 2842 410 2876 vix
438 2842 584 2877 laudari
610 2843 745 2887 potest,
784 2841 871 2885 quia
898 2844 1039 2875 veteres
1067 2840 1189 2885 epicos
1223 2840 1260 2874 in
1287 2839 1496 2884 exemplum
1522 2838 1688 2883 sumpsit.
