1912 3310
1029 211 1075 245 32

292 339 314 367 a
347 324 501 366 Graeca
532 325 747 379 tragoedia
779 337 856 366 non
890 324 1033 377 utique
1064 324 1198 365 aliena
1226 323 1380 364 fuerint
1396 324 1420 363 ¹.
1447 346 1496 350 —
1520 322 1577 363 At
1604 322 1711 375 quod
1744 335 1821 363 nu-

291 392 370 432 trix
402 391 511 445 apud
539 392 736 435 Senecam
768 392 1041 445 Hippolytum
1072 391 1212 432 edocet
1255 401 1289 431 v.
1322 390 1403 430 466
1435 402 1512 442 sq.:
1551 389 1690 430 Iovem
1727 401 1820 441 pro-

292 458 453 512 vidisse,
480 457 595 500 ‘cum
625 460 710 500 tam
742 471 907 511 rapaces
939 458 1120 499 cerneret
1151 456 1245 497 Fati
1274 469 1434 506 manus,
1467 457 1513 497 ut
1538 457 1689 498 damna
1716 468 1821 497 sem-

291 536 361 577 per
389 525 528 566 subole
567 526 777 578 repararet
807 524 944 573 nova',
983 523 1050 564 sed
1084 523 1117 564 si
1149 523 1287 563 Venus
1329 523 1552 564 humanam
1584 523 1820 564 societatem

291 590 567 644 dereliquerit,
599 592 696 644 fore,
728 592 775 632 ut
796 591 906 632 orbis
928 591 1061 632 iaceat
1087 585 1097 601 ‘
1111 589 1298 643 squalido
1319 590 1452 642 turpis
1472 591 1572 631 situ‘
1596 603 1634 632 v.
1651 591 1731 631 469
1751 602 1823 643 sq„

291 671 424 699 nonne
454 659 524 700 ille
554 671 626 711 pro
664 671 737 699 sua
768 658 917 699 natura
962 659 1056 710 apte
1098 656 1383 710 respondisset,
1430 658 1476 697 ut
1510 657 1553 698 in
1586 656 1821 698 Coronifero

291 738 328 766 v.
357 726 437 766 618
479 738 538 778 sq.
570 725 658 767 Iovi
690 725 937 773 convicians,
981 724 1086 777 quod
1120 724 1267 765 liberos
1298 723 1492 765 creandos
1525 736 1603 765 non
1634 722 1824 765 emendos

292 795 494 845 curasset,
541 794 676 847 aptius
709 795 829 846 certe,
881 806 1004 846 quam
1045 793 1160 834 illic?
1219 792 1328 833 Nam
1368 792 1505 833 onmia
1542 791 1730 839 suadent,
1776 791 1823 830 ut

291 871 501 901 sumamus
533 861 706 914 priorem
732 873 892 914 quoque
915 860 1188 913 Hippolytum
1218 859 1413 900 feminam
1443 859 1586 900 ducem
1618 858 1823 899 malorum

292 927 575 982 artificemque
605 929 803 970 scelerum
834 928 944 973 (Sen.
968 928 1065 973 559)
1098 927 1338 980 exagitasse,
1371 939 1416 968 ea
1447 926 1620 967 fortasse
1649 925 1821 974 ratione,

292 994 339 1034 ut
369 995 522 1036 nutrici
553 1007 692 1036 sensus
724 1007 817 1036 suos
849 995 896 1036 de
926 995 1006 1036 ista
1038 995 1149 1047 peste
1180 1005 1226 1035 ac
1258 993 1434 1045 pernicie
1462 993 1648 1045 aperiret,
1681 991 1822 1044 quales

291 1061 332 1102 in
373 1061 450 1115 frg.
488 1062 567 1103 inc.
611 1063 717 1104 1045
759 1062 845 1103 fuse
888 1062 1160 1114 exponuntur,
1210 1060 1293 1101 deis
1334 1060 1539 1112 postremo
1578 1059 1823 1111 exprobrans

295 1141 332 1170 V.
365 1130 408 1170 6:

1119 1192 1155 1236 εἶ
1188 1193 1234 1236 δέ
1264 1209 1340 1234 τοι*
1372 1194 1494 1234 θεῶν

560 1263 652 1304 τόδ’
685 1261 774 1304 ἐστὶ
807 1258 996 1316 πλάσμα,
1028 1260 1288 1318 δημιουργὸς
1319 1257 1378 1302 ὢν
1409 1265 1550 1301 κακῶν

561 1331 761 1384 μέγιστος
790 1326 900 1371 ἴστω
931 1330 999 1370 καὶ
1030 1332 1228 1382 βροτοῖσι
1262 1328 1485 1385 δυσμενής.

294 1399 400 1440 Nam
439 1397 588 1439 Seneca
628 1398 703 1439 hoc
738 1410 878 1439 rursus
917 1398 1016 1439 bene
1052 1398 1237 1438 instituit
1269 1396 1486 1445 Graecum,
1526 1396 1572 1436 ut
1611 1394 1823 1443 contendo,

294 1465 498 1518 exemplar
528 1466 702 1515 secutus,
737 1465 844 1518 quod
867 1465 1150 1519 Hippolytum,
1182 1466 1399 1517 postquam
1433 1475 1608 1504 noverca
1639 1462 1723 1503 eius
1753 1473 1825 1515 ge-

295 1533 413 1574 nibus
445 1531 612 1584 adlapsa
643 1532 705 1572 est
735 1533 788 1583 (v.
819 1532 929 1585 667),
961 1532 1004 1572 in
1034 1533 1154 1573 tanta
1183 1531 1405 1573 affectuum
1437 1530 1712 1572 concitatione
1743 1541 1824 1569 non

295 1695 394 1729 hunc
417 1695 538 1730 locum
566 1694 700 1729 Seneca
729 1698 813 1728 ante
840 1694 963 1728 oculos
991 1694 1122 1728 habuit
1150 1693 1215 1728 Ov.
1233 1693 1320 1727 Met.
1340 1692 1365 1727 I.
1397 1695 1441 1727 89
1461 1704 1533 1737 sq.;
1560 1693 1727 1727 conferas
1744 1692 1825 1726 Sen.

298 1755 365 1788 555
392 1766 444 1798 sq.
479 1766 561 1788 cum
594 1753 661 1788 Ov.
698 1755 764 1787 144
797 1765 868 1798 sq,
911 1765 1029 1797 neque
1071 1764 1231 1787 noverca
1272 1752 1365 1794 (Sen.
1395 1752 1476 1793 5:38)
1515 1752 1613 1796 apud
1652 1751 1826 1785 Ovidium

296 1812 345 1858 (v.
376 1815 461 1855 147)
488 1813 600 1848 deest.
629 1833 669 1837 —
700 1812 870 1847 Ceterum
905 1812 1092 1846 tralaticia
1125 1812 1214 1846 haec
1248 1812 1403 1846 materia
1444 1812 1482 1844 in
1510 1811 1611 1855 poesi
1638 1810 1826 1855 Romana3

297 1872 342 1906 cf.
370 1872 496 1906 Tibull
522 1872 549 1916 I,
585 1875 616 1907 3.
654 1874 699 1906 35
726 1883 777 1916 sq.
829 1871 938 1916 Prop.
972 1871 1033 1914 IV,
1072 1873 1126 1905 13.
1160 1872 1204 1904 25
1237 1882 1288 1914 sq.
1339 1873 1474 1904 Aetna.
1507 1883 1539 1904 v.
1568 1871 1588 1903 9
1614 1882 1666 1914 sq.
1716 1869 1826 1915 Verg.

299 1931 433 1976 Georg.
460 1932 486 1975 1,
518 1933 581 1965 125
602 1943 653 1975 sq.
705 1931 793 1965 Hor.
811 1931 879 1975 Ep.
899 1931 957 1965 od.
976 1931 1074 1974 XVI,
1101 1933 1142 1964 41
1161 1942 1213 1974 sq.
1247 1930 1311 1965 Ov.
1340 1930 1430 1964 Met.
1458 1930 1537 1973 XV,
1563 1930 1609 1964 96
1623 1941 1674 1974 sq.
1701 1929 1826 1963 Senec.

297 1989 393 2024 Med.
419 1991 484 2024 301
514 2002 567 2034 sq.

438 2050 447 2067 ¹
474 2048 665 2083 Moschion
698 2048 769 2094 frg.
797 2052 828 2083 7.
855 2049 1035 2093 ampullas
1063 2048 1107 2082 de
1143 2060 1256 2082 aurea
1289 2051 1411 2082 aetate
1441 2047 1578 2092 proicit
1610 2058 1651 2081 eo
1679 2046 1828 2090 quidem

297 2119 416 2151 sensu,
441 2112 483 2142 ut
510 2109 737 2152 primaevam
756 2112 929 2142 naturam
947 2108 1156 2152 impolitam
1175 2118 1393 2151 morumque
1410 2106 1571 2151 rigidam
1588 2105 1828 2150 asperitatem

298 2166 465 2201 excultae
491 2167 671 2201 seriorum
698 2167 888 2201 hominum
915 2167 1014 2200 vitae
1041 2169 1215 2210 opponat.
1266 2165 1320 2199 De
1353 2165 1577 2199 comicorum
1612 2164 1828 2198 commentis

299 2225 343 2259 cf.
374 2225 453 2260 Birt
482 2226 605 2271 Elpid.
633 2238 666 2271 p.
697 2228 736 2260 19
763 2238 815 2270 sq.
845 2246 886 2250 —
914 2226 962 2259 Jis
989 2229 1124 2264 autern,
1150 2226 1213 2269 qui
1243 2224 1506 2269 philosophicis
1531 2223 1827 2258 conclusionibus

298 2284 527 2329 indulgeant,
560 2285 691 2319 libebit
719 2285 938 2318 Hesiodeam
974 2285 1068 2318 hanc
1101 2288 1137 2319 et
1163 2284 1406 2326 Platonicam,
1434 2294 1542 2326 quam
1576 2283 1662 2316 item
1690 2281 1829 2316 Seneca

298 2347 436 2383 tuetur,
470 2344 682 2388 opinionem
714 2344 758 2378 de
791 2344 893 2378 aurei
930 2345 1011 2378 aevi
1048 2344 1227 2379 felicitate
1259 2343 1428 2377 omnibus
1462 2342 1623 2376 numeris
1659 2341 1830 2375 absoluta

299 2403 398 2448 apud
424 2403 675 2437 Moschionem
702 2404 740 2437 in
767 2404 995 2438 contrarium
1021 2403 1234 2437 subversam
1260 2401 1459 2436 memoriae
1484 2400 1673 2435 mandare.
1719 2399 1828 2434 Cuius

297 2463 508 2497 contrariae
546 2463 751 2497 sententiae
790 2466 1047 2508 propugnator
1089 2462 1245 2496 fortasse
1272 2461 1546 2504 Theophrastus
1586 2459 1747 2502 exstitit3
1785 2457 1828 2492 cf.

301 2520 430 2555 Rohde
457 2521 519 2555 Gr.
548 2521 651 2556 Rom.
686 2533 721 2565 p.
751 2522 816 2554 201
845 2522 932 2563 (21).
981 2520 1087 2555 Tales
1121 2524 1242 2555 autem
1276 2519 1535 2553 fluctuationes
1567 2517 1830 2563 progrediente

300 2580 491 2614 hominum
518 2580 664 2614 cultura
691 2584 732 2614 ut
762 2584 882 2614 aestus
909 2580 1021 2614 maris
1048 2579 1213 2614 accidere
1241 2582 1278 2612 et
1295 2578 1526 2622 reciprocare
1555 2577 1684 2611 solent.
1723 2576 1829 2618 Nam,

301 2639 363 2683 qui
391 2639 554 2683 aliquam
580 2652 662 2673 cum
688 2639 1006 2683 praestantissimo
1042 2650 1187 2682 quoque
1215 2637 1433 2671 Germanico
1466 2636 1667 2680 superioris
1694 2634 1830 2669 saeculi

300 2701 410 2741 poeta
449 2698 746 2732 familiaritatem
783 2698 1031 2741 contraxerit,
1070 2709 1151 2731 eum
1187 2709 1260 2731 non
1296 2696 1416 2741 fugiet
1454 2699 1543 2729 tunc
1579 2694 1831 2739 praevaluisse

301 2757 405 2791 illam
436 2757 481 2791 de
512 2757 705 2791 hominum
743 2757 1030 2802 degeneratione
1062 2757 1284 2801 opinionem,
1324 2767 1434 2800 quam
1467 2755 1656 2788 Rousseau
1695 2753 1828 2787 sanxit.

301 2814 439 2849 Contra
475 2815 592 2849 nostri
625 2816 705 2849 aevi
738 2816 864 2860 opinio
891 2816 1056 2861 vulgaris
1092 2815 1309 2859 plerumque
1340 2814 1378 2847 in
1412 2813 1639 2848 contrarium
1674 2812 1831 2845 inclinat

301 2877 504 2918 praeeunte
529 2886 653 2908 rerum
679 2874 914 2918 physicarum
944 2874 1161 2918 discipliua3
1187 2873 1231 2908 cf.
1260 2873 1401 2907 Grimm
1430 2872 1569 2906 Goethe
1595 2871 1612 2905 Ι
1637 2872 1756 2915 Ρ.’64.
