1912 3310
1023 222 1068 256 36

280 334 351 375 καὶ
381 334 636 389 κατηγορίας
665 328 785 387 ἄξιον
817 336 934 389 (Arg.
964 336 1060 377 Eur.
1090 334 1222 388 Hip.),
1250 347 1331 375 non
1362 334 1518 376 dubito.
1577 335 1636 376 At
1651 335 1813 388 Hippo-

281 401 392 454 lytus
435 401 497 443 ira
538 402 799 444 effervescens
840 402 1011 454 stringit
1042 414 1192 454 ensem,
1234 402 1405 441 mortem
1441 401 1634 443 minatur.
1693 401 1812 442 Tunc

279 467 468 509 Phaedra
487 481 524 509 v.
546 469 646 510 710:
678 467 934 522 ‘Hippolyta
961 480 1070 508 nunc
1091 480 1155 508 me
1178 468 1404 519 compotem
1427 467 1513 508 voti
1534 461 1655 509 facis'
1673 480 1704 508 e.
1724 480 1762 521 q.
1780 480 1811 509 3.

280 533 358 575 Η13
396 535 584 576 omnibus
609 535 772 576 Musam
803 547 894 576 vere
924 535 1129 588 tragicam
1154 535 1193 575 et
1215 533 1370 576 Graeco
1403 535 1521 586 poeta
1546 534 1715 587 dignam
1739 534 1813 575 ad-

281 601 455 654 spirasse
491 601 554 642 vel
594 602 642 652 is,
690 602 760 654 qui
797 601 980 642 sensibus
1017 601 1221 643 alienatus
1252 602 1324 653 est,
1368 600 1519 642 sentire
1549 600 1706 642 debet¹.
1763 600 1811 641 In

284 668 501 722 Hippolyti
535 670 674 709 autem
716 668 932 709 iracundia
975 668 1105 709 ablati
1153 668 1507 720 deprecationibus
1547 668 1744 709 introitus
1773 680 1811 709 v.

279 735 358 776 671
380 747 437 787 sq.
470 735 658 787 componi
675 736 809 787 potest
830 747 923 775 cum
948 734 1042 775 Eur.
1075 734 1171 787 Hip.
1205 735 1283 776 601
1315 747 1374 788 sq.
1406 736 1446 776 et
1476 734 1567 777 Sen.
1600 748 1637 776 v.
1657 736 1735 776 715
1753 747 1811 788 sq.

280 813 372 842 cum
405 801 501 842 Eur.
541 814 577 842 v.
616 802 717 850 653;
763 802 952 855 quamvis
997 801 1038 841 in
1083 801 1219 843 furore
1265 803 1502 854 erumpente
1542 801 1813 843 immoderate

279 868 536 922 depingendo
569 868 708 909 rhetor
741 868 955 921 grassatus
987 867 1053 908 sit.

411 935 502 976 Iam
533 947 626 976 vero
657 934 774 975 filum
805 934 969 975 fabulae
1001 933 1306 984 restaurandae,
1339 936 1542 988 quatenus
1562 934 1604 975 id
1625 934 1702 975 hoc
1723 933 1812 975 1000

279 1001 366 1042 11011
396 1003 542 1054 potest,
574 1003 778 1054 pertexere
809 1001 1039 1042 conveniat.
1099 1000 1227 1042 Poeta
1258 1001 1470 1042 Romanus
1501 1000 1652 1042 nodum
1684 1000 1813 1041 nectit

279 1068 432 1121 gladio,
480 1081 599 1122 quem
638 1068 889 1121 Hippolytus
931 1067 1059 1108 abicit
1096 1080 1131 1108 v.
1166 1068 1269 1118 714,
1310 1068 1449 1109 nutrix
1484 1068 1632 1121 arripit
1662 1067 1811 1120 pignus

279 1136 440 1177 sceleris
471 1149 508 1176 v.
541 1136 634 1188 730,
680 1135 869 1176 Ρ]130(11·3
912 1135 1061 1176 marito
1106 1136 1403 1177 commonstrat
1441 1135 1493 1177 ad
1535 1136 1813 1188 stupratorem

279 1203 584 1256 coarguendum
616 1215 652 1243 v.
685 1202 766 1243 896
797 1213 856 1254 sq.
919 1200 1024 1242 Cum
1061 1201 1282 1242 verisimile
1321 1203 1375 1242 sit
1403 1204 1589 1255 Aegeum
1619 1201 1661 1242 in
1693 1201 1813 1243 Euri-

278 1270 384 1323 pidis
416 1269 652 1324 cognomini
683 1269 824 1311 fabula
856 1268 989 1309 filium
1019 1268 1148 1322 signis
1179 1269 1243 1309 sui
1269 1269 1430 1322 generis
1457 1269 1684 1322 agnovisse,
1708 1281 1813 1322 quae

277 1337 319 1378 in
350 1338 497 1391 capulo
529 1336 661 1391 gladii
691 1336 869 1386 eburno,
909 1337 955 1376 ut
988 1335 1160 1377 Ovidius
1191 1335 1303 1385 dicit,
1342 1335 1547 1386 videret2,
1594 1335 1728 1377 nescio
1759 1348 1812 1377 an

278 1406 398 1458 poeta
428 1405 640 1446 Romanus
671 1402 818 1444 Graeci
863 1402 1157 1443 auctoritatem
1208 1402 1418 1455 amplexus
1462 1402 1528 1452 sit,
1572 1415 1664 1444 cum
1704 1403 1812 1444 hunc

276 1472 412 1524 ipsum
455 1471 644 1525 gladium
687 1469 842 1511 actioni
882 1469 1136 1523 illigandum
1182 1470 1356 1511 curaret.
1413 1469 1545 1522 Quam
1578 1470 1811 1523 opinionem

277 1539 358 1580 alio
392 1538 481 1580 loco
512 1537 734 1580 stabiliam.

411 1605 612 1646 Theseum
644 1604 752 1657 apud
784 1603 1022 1656 Euripidem
1054 1615 1215 1656 quoque
1245 1604 1296 1645 ab
1329 1603 1471 1645 inferis
1505 1603 1655 1645 redisse
1685 1627 1738 1632 —
1767 1604 1812 1644 in

279 1685 360 1726 qua
396 1685 438 1713 re
474 1672 572 1714 olim
609 1671 712 1713 falso
751 1670 802 1712 ad
839 1670 918 1723 frg.
950 1670 1032 1710 446
1062 1682 1284 1723 provocare
1314 1670 1501 1712 solebant
1536 1695 1582 1699 —
1616 1671 1694 1712 Leo
1725 1671 1810 1711 iam

277 1739 467 1792 probavit
499 1738 544 1792 (l.
562 1738 588 1779 l.
606 1751 643 1791 p.
666 1736 772 1790 179).
820 1736 928 1778 Nam
961 1737 995 1777 si
1018 1736 1267 1778 Plutarchus
1298 1737 1374 1778 1.1.
1405 1737 1637 1779 Phaedram
1668 1738 1811 1779 mariti

276 1805 550 1859 παρανομίας
580 1805 809 1858 exagitasse
839 1804 978 1855 refert,
1023 1804 1085 1844 his
1117 1804 1220 1844 nihil
1257 1803 1371 1845 aliud
1402 1804 1643 1858 significari,
1686 1817 1811 1858 quam

274 1872 284 1887 ‘
299 1875 441 1927 stupra
475 1875 514 1914 et
545 1873 713 1914 illicitos
736 1869 866 1913 toros‘
889 1883 990 1924 quos
1013 1867 1152 1912 ‘miles
1174 1871 1343 1913 audacis
1365 1869 1497 1924 proci‘
1516 1872 1560 1912 in
1577 1872 1811 1913 Acheronte

277 1942 461 1994 quaerat,
496 1940 671 1983 Senecae
703 1939 825 1980 verba
854 1951 891 1979 v.
924 1939 975 1979 91
1008 1951 1068 1991 sq.
1099 1940 1292 1991 arguunt.
1357 1938 1517 1991 Itaque,
1549 1950 1640 1979 cum
1671 1937 1810 1980 Ovidii

276 2007 466 2050 Phaedra
497 2008 591 2048 hinc
622 2006 869 2060 obiurgandi
899 2006 1067 2047 initium
1098 2006 1235 2058 capiat
1259 2019 1295 2046 v.
1322 2006 1399 2047 109
1424 2018 1504 2059 sq.:

476 2074 673 2126 Tempore
704 2074 832 2126 abest,
864 2073 1076 2126 aberitque
1108 2072 1178 2113 diu
1209 2073 1441 2126 Neptunius
1471 2073 1608 2114 heros:

540 2141 659 2182 illum
692 2140 870 2181 Pirithoi
902 2140 1057 2181 detinet
1089 2152 1159 2181 ora
1190 2140 1253 2181 3111

277 2208 379 2249 1111111
409 2208 574 2261 quidem
607 2207 776 2249 dubium
820 2220 900 2248 non
942 2209 1014 2257 est,
1060 2207 1159 2261 quin
1193 2208 1312 2260 poeta
1348 2207 1456 2248 idem
1486 2207 1566 2248 iter
1596 2207 1639 2248 in
1669 2207 1807 2248 animo

276 2274 439 2328 habeat,
469 2275 566 2316 licet
588 2274 821 2316 Phaedram
851 2274 912 2315 ita
943 2274 1188 2315 scribentem
1223 2273 1363 2324 faciat,
1394 2275 1594 2326 tanquam
1617 2275 1809 2316 accurate

277 2341 445 2383 definire
476 2343 664 2395 nequeat,
706 2354 785 2395 quo
818 2342 993 2383 maritus
1024 2341 1231 2395 profectus
1261 2342 1336 2390 sit;
1376 2341 1634 2394 intellegenti
1662 2341 1807 2382 lectori

413 2537 424 2556 ¹
451 2537 667 2572 Diverbium
701 2537 770 2572 hoe
801 2537 956 2583 singulis
990 2537 1159 2581 partibus
1193 2541 1271 2572 arte
1310 2538 1408 2572 inter
1447 2550 1484 2572 se
1522 2537 1804 2572 cohaerentibus

276 2595 512 2630 artificiosius
538 2596 790 2641 progreditur,
818 2608 929 2640 quam
956 2596 1055 2641 apud
1080 2596 1289 2640 Raeinium,
1321 2597 1385 2640 qui
1410 2597 1617 2631 Phaedram
1642 2597 1740 2631 ultro
1767 2608 1804 2631 se

275 2655 388 2689 morti
414 2654 632 2689 offerentem
656 2655 776 2700 fingit.
829 2655 1017 2689 Summam
1043 2656 1160 2700 igitur
1190 2655 1350 2698 laudem,
1384 2667 1455 2699 qua
1481 2655 1673 2689 Gallorum
1693 2659 1804 2699 poeta

274 2717 428 2758 propter
455 2714 643 2758 egregiam
669 2714 784 2747 totius
811 2725 963 2748 scaenae
988 2714 1249 2759 gradationem
1283 2715 1408 2748 ornari
1438 2714 1531 2748 solet
1564 2713 1621 2757 (ef.
1650 2714 1804 2759 Lessing

275 2772 347 2806 vol.
374 2771 425 2806 IV
449 2784 483 2816 p.
512 2773 580 2806 245
608 2772 782 2816 Lachm.),
808 2774 949 2807 maiore
975 2773 1055 2807 iure
1084 2773 1222 2808 Graeco
1249 2774 1453 2818 exemplari
1480 2774 1682 2817 impertias.

410 2832 424 2851 ²
448 2830 537 2864 Met.
566 2830 652 2869 VII..
673 2831 740 2865 422
769 2832 814 2866 cf.
835 2831 1008 2866 XVelcker
1034 2832 1055 2865 l.
1076 2832 1098 2866 1.
1126 2844 1159 2876 p.
1179 2833 1259 2866 732.
1310 2832 1353 2865 In
1379 2831 1549 2876 Thyestis
1577 2843 1722 2876 quoque
1748 2831 1801 2866 fa-

273 2889 361 2923 bula
386 2888 532 2935 gladius
558 2889 845 2934 recognoscendi
872 2890 977 2935 signo
1002 2890 1175 2935 fungitur
1198 2890 1400 2925 secundum
1427 2890 1615 2936 Hyginum
1641 2890 1667 2925 f.
1693 2891 1749 2926 88.
