1912 3310
892 190 937 222 87

153 299 263 355 ¹quod
294 300 491 342 nimirum
523 301 574 342 ad
605 302 819 354 poetarum
837 314 989 342 morem
1019 302 1176 354 spectat
1208 303 1391 353 eundern,
1414 303 1460 344 ut
1482 302 1682 356 aperiant,

153 367 260 409 unde
290 379 364 409 sua
386 368 722 421 consarcinarint‚
757 368 804 409 de
823 380 902 421 quo
922 380 1044 420 supra
1062 368 1184 410 verba
1204 368 1281 410 feci
1298 369 1352 422 (p.
1372 368 1455 422 77).
1490 369 1681 423 Myrrhae

154 435 292 477 autem
323 434 475 475 crimen
506 434 605 476 item
635 435 804 477 denotat
836 435 973 489 Scylla
1005 436 1092 488 ipsa
1123 436 1293 477 dicendo
1326 449 1361 477 v.
1394 437 1473 477 263
1512 449 1553 477 se
1579 435 1683 476 nihil

154 514 306 551 amare,
335 499 442 554 ‘quo
474 501 578 543 falsa
608 503 747 543 tamen
784 502 913 543 lateat
944 502 1109 555 pietatis
1141 502 1325 556 imago';
1373 503 1415 543 in
1447 514 1527 555 qua
1558 515 1600 543 re
1631 502 1682 543 ad

155 567 348 610 Ovidium
387 568 496 609 ultro
534 580 754 621 provocare
790 568 898 621 licet,
937 569 1005 622 qui
1049 570 1091 609 in
1125 569 1290 622 pietatis
1337 569 1501 610 nomine
1546 569 1683 609 ludere

152 635 255 676 solet
284 634 352 689 (cf.
383 648 418 676 v.
450 635 543 676 366.
576 636 669 676 324.
702 635 815 688 333).
886 635 1073 677 Ceterum
1106 637 1190 688 ipse
1226 636 1396 677 nutricis
1427 636 1684 677 interventus

154 714 415 755 nequaquam
461 701 711 743 necessarius
758 702 929 756 ideoque
976 703 1026 744 ab
1071 702 1219 745 Ovidio
1263 704 1305 744 in
1343 702 1503 756 Scyllae
1542 701 1683 743 fabula

153 768 267 822 (Met.
301 768 426 822 VIII,
461 768 512 809 85
544 768 621 821 sq.)
667 781 830 822 prorsus
862 769 1086 822 neglectus,
1135 770 1237 810 satis
1277 769 1494 810 manifesto
1527 768 1685 809 indicat

154 836 316 889 poetam
349 835 483 877 aliena
514 836 602 877 arte
634 836 857 889 impulsum
889 849 984 887 esse,
1017 837 1063 877 ut
1093 836 1258 877 fabulae
1289 836 1563 877 adventiciam
1594 847 1683 888 par-

153 903 238 944 tem
270 902 500 956 affingeret,
533 903 703 944 minime
735 903 900 956 quidem
931 915 1002 944 3110
1025 903 1169 953 Marte,
1203 903 1271 944 sed
1294 902 1561 944 Alexandrini
1591 914 1684 943 auc-

153 970 255 1011 toris
286 970 477 1023 vestigiis
508 970 714 1011 insistens.
775 969 881 1011 Nam
914 970 1067 1011 nutrici
1097 970 1178 1011 iam
1220 970 1261 1011 111
1300 968 1518 1022 exemplari
1547 968 1685 1021 aliquo

152 1036 430 1079 Alexandrino
462 1038 598 1090 partes
627 1037 746 1078 datas
777 1049 860 1078 esse
892 1037 1053 1089 pictura
1086 1037 1336 1090 Pompeiana
1367 1036 1525 1089 prohat,
1573 1034 1685 1087 Scyl-

150 1104 235 1145 lam
287 1103 502 1146 ostendens
555 1104 766 1145 nutricula
819 1104 966 1145 comite
1012 1116 1103 1145 cum
1143 1116 1294 1157 magno
1339 1102 1466 1143 animi
1511 1102 1684 1152 tumore,

153 1183 274 1224 quem
304 1171 504 1212 excitatus
536 1171 717 1224 corporis
749 1171 914 1212 habitus
946 1170 1095 1224 prodit,
1126 1172 1222 1212 ante
1254 1170 1433 1211 Minoem
1465 1169 1687 1210 consisten-

152 1237 236 1279 tem
268 1238 307 1279 et
337 1250 586 1291 purpureum
619 1238 773 1279 crinem
801 1237 1076 1291 porrigentem
1099 1238 1122 1276 ¹.

284 1304 359 1346 Rei
378 1305 517 1346 autem
540 1305 691 1346 natura
717 1304 804 1354 fert,
838 1305 883 1345 ut
905 1305 1144 1358 exemplaris
1166 1304 1406 1346 ornamenta
1431 1304 1470 1344 et
1501 1303 1684 1344 colorum

152 1371 270 1425 quasi
306 1371 478 1425 lumina,
523 1384 616 1413 cum
652 1371 825 1413 materia
857 1384 926 1424 per
962 1371 1064 1413 alios
1097 1372 1283 1412 auctores
1316 1370 1408 1412 aliis
1440 1370 1685 1419 traderetur,

151 1438 361 1493 gradatim
392 1439 610 1480 attenuata
642 1439 942 1491 obscurataque
974 1439 1058 1479 sint
1087 1439 1127 1479 et
1159 1449 1377 1479 consensus
1403 1449 1495 1477 cum
1526 1437 1686 1489 tragica

154 1505 342 1547 Phaedra
360 1505 442 1547 fere
461 1506 688 1547 evanuerit.
724 1505 800 1547 Sed
824 1506 1070 1558 argumenta
1094 1505 1223 1546 allata
1247 1503 1582 1557 intellegentibus
1604 1502 1686 1543 suf·

155 1572 295 1614 ficient
325 1572 377 1614 ad
408 1573 719 1626 approbandum
750 1572 962 1623 iudicium,
993 1572 1100 1626 quod
1132 1585 1255 1625 supra
1280 1571 1368 1624 feci,
1403 1570 1596 1612 Ovidium
1620 1582 1687 1611 ne-

156 1652 234 1693 que
256 1640 434 1693 primum
450 1640 653 1682 invenisse
676 1640 934 1693 praedictum
957 1640 1061 1680 illud
1082 1639 1334 1692 colloquium
1357 1649 1485 1690 neque
1512 1637 1554 1677 in
1575 1649 1685 1677 exor-

155 1707 290 1749 nando
330 1719 374 1749 eo
406 1707 469 1749 3111
499 1707 655 1761 ingenii
686 1708 887 1760 impetum
918 1707 1102 1747 secutum
1136 1718 1233 1746 esse.
1280 1705 1384 1744 Tum
1414 1703 1497 1744 noli
1528 1704 1687 1756 praeter
1739 1695 1744 1699 ’

154 1775 254 1817 haec
280 1775 493 1829 neglegere
519 1775 737 1816 nonnullos
759 1774 912 1816 colores
940 1774 980 1814 in
1005 1773 1164 1827 Scyllae
1185 1771 1458 1823 descriptione
1479 1769 1685 1811 adhibitos

155 1842 306 1885 mirum
333 1841 376 1883 in
408 1842 574 1883 modurn
610 1842 766 1884 adfines
799 1841 860 1891 iis,
909 1840 1056 1894 quibus
1087 1838 1298 1880 Phaedrae
1336 1836 1503 1890 depingi
1540 1836 1684 1877 solent.

154 1909 341 1962 Utraque
372 1909 480 1951 enim
511 1909 662 1951 amoris
693 1909 834 1950 morbo
866 1908 1011 1949 affecta
1042 1919 1064 1947 a
1098 1905 1270 1959 pristina
1309 1903 1431 1945 nendi
1468 1903 1685 1944 consuetu-

155 1975 248 2017 dine
276 1975 456 2017 deflectit
495 1975 594 2028 (Cir.
631 1976 722 2017 177.
758 1976 847 2025 179,
881 1974 971 2016 Seu.
1003 1973 1152 2015 Phaed.
1187 1973 1265 2013 103
1297 1971 1392 2024 sq.);
1437 1969 1545 2011 idem
1593 1969 1685 2011 auri

153 2042 350 2095 taedium,
398 2043 507 2096 quod
540 2042 643 2084 Ciris
675 2043 795 2096 poeta
827 2055 863 2083 v.
899 2042 977 2082 177
1009 2040 1192 2090 denotat,
1239 2039 1280 2080 in
1311 2037 1497 2079 Phaedra
1525 2037 1685 2077 invenis

154 2110 263 2160 (Sen.
296 2111 407 2162 387).
467 2110 626 2152 Musica
658 2111 757 2160 arte,
792 2109 857 2150 cui
883 2108 1020 2163 Scylla
1052 2120 1130 2148 non
1163 2106 1342 2159 amplius
1373 2117 1535 2157 operam
1559 2103 1687 2145 navat

154 2176 252 2229 (Gir.
286 2178 396 2231 178),
448 2178 624 2219 ancillae
668 2178 709 2218 in
756 2175 1021 2229 sarcophagis
1067 2175 1222 2216 frustra
1268 2173 1434 2214 student
1477 2171 1687 2212 Phaedrae

152 2244 370 2286 tristitiam
402 2245 640 2287 exhilarare.
669 2243 839 2297 sAtque
879 2256 971 2284 cum
1011 2241 1224 2295 cgravidos
1257 2239 1411 2282 Cereris
1442 2238 1562 2279 fetus'
1606 2249 1687 2278 non

154 2311 370 2365 contingat
401 2312 538 2366 Scylla
576 2311 676 2364 (Cir.
709 2312 819 2362 230),
864 2311 905 2351 in
947 2310 1022 2350 hoc
1063 2320 1223 2362 quoque
1260 2307 1409 2359 aequat
1440 2305 1685 2355 Phaedram,

154 2378 465 2431 quamchorus
502 2377 746 2431 Euripidens
784 2377 895 2419 canit
940 2372 1169 2429 Δάματρος
1211 2368 1346 2422 οἷκτᾶς
1390 2371 1521 2425 δέμας
1563 2366 1688 2425 ἁγνὸν

152 2439 289 2496 ἴσχειν
309 2444 422 2499 (Hip.
454 2458 489 2487 v.
517 2446 607 2496 138,
641 2445 692 2486 cf.
726 2458 762 2486 v.
795 2445 888 2494 275,
921 2443 1011 2485 Sen.
1045 2443 1126 2483 373
1157 2441 1250 2494 sq.).
1312 2440 1557 2492 Quanquam
1592 2450 1686 2479 vero

154 2511 423 2553 Alexandrini
461 2514 603 2566 poetae
650 2512 851 2554 nonnulla
895 2511 936 2552 id
989 2522 1116 2563 genus
1157 2508 1398 2550 ornamenta
1446 2507 1486 2547 111
1529 2505 1686 2547 deliciis

154 2578 318 2629 habent,
363 2580 410 2620 ut
445 2579 548 2621 alias
585 2579 823 2632 explanabo,
872 2579 1011 2619 tamen
1052 2576 1203 2617 mirum
1242 2575 1302 2615 est
1335 2573 1438 2615 Ciris
1475 2574 1685 2614 auctorem

290 2747 301 2766 ¹
327 2747 435 2781 Helb.
461 2758 520 2781 no.
552 2748 651 2780 1337.
679 2746 788 2780 Arch.
819 2746 903 2790 Ztg.
934 2745 1022 2778 1866
1048 2755 1083 2788 p.
1116 2743 1181 2776 196
1202 2753 1253 2785 sq.
1282 2740 1322 2775 T.
1351 2739 1487 2775 CCXII.
1516 2758 1558 2763 —
1580 2738 1680 2772 Haec

153 2805 302 2848 pictura
328 2806 366 2840 in
393 2806 518 2840 eodem
545 2806 713 2840 cubiculo
741 2808 852 2848 atque
884 2804 1001 2838 altera
1025 2802 1135 2837 modo
1173 2801 1335 2844 laudata,
1375 2810 1468 2843 quae
1496 2796 1678 2832 Adonidis

154 2866 307 2908 partum
332 2863 494 2908 exhibet,
520 2866 670 2908 reperta
696 2865 761 2897 est.
