1912 3310
1006 179 1051 211 54

261 290 446 331 tudinem
480 289 667 331 excedere
699 290 916 342 videretur,
965 293 1184 333 commenti
1223 293 1318 333 sunt
1357 292 1532 334 vitulum
1566 295 1786 344 marinum,

259 357 324 398 cui
356 356 491 398 Plinio
524 358 693 398 auctore
731 358 834 407 (nat.
869 358 963 400 hist.
995 359 1068 409 IX,
1100 358 1172 412 41)
1212 354 1278 399 ‘in
1309 371 1407 400 sono
1439 361 1636 413 mugitus,
1682 361 1789 402 unde

259 436 404 465 nomen
428 423 570 464 vituli²
591 426 616 465 1.
665 423 782 476 Quod
813 424 959 465 cecidit
989 425 1030 465 in
1062 426 1293 466 monstrum
1318 425 1504 479 mugiens
1524 428 1550 468 2.
1602 428 1659 468 At
1681 427 1787 480 quod

258 490 424 532 Servius
468 491 598 533 tradit
643 492 778 533 subito
825 492 1071 545 interempto
1104 493 1330 546 Hippolyto
1362 492 1592 534 Phaedram
1638 494 1789 535 amoris

257 557 519 609 impatientia
549 558 695 611 laqueo
728 558 859 599 vitam
890 558 1082 612 finivisse,
1128 572 1176 601 ne
1215 559 1380 612 propter
1419 571 1553 600 seram
1591 572 1790 601 novercae

191 658 193 660 .
258 626 431 666 mortem
469 626 516 667 de
546 626 751 679 singulari
783 626 947 668 fabulae
980 627 1113 669 forma
1144 640 1237 669 cum
1268 628 1496 681 Hippolyto
1529 626 1675 668 Velato
1708 626 1790 667 for-

259 691 369 732 tasse
403 694 654 745 congruente
685 694 853 746 cogites,
899 693 1099 735 Stobaeus
1131 695 1175 747 (l.
1208 694 1253 748 l.)
1285 695 1423 736 monet
1461 695 1601 736 eadem
1633 694 1792 735 ratione

260 760 446 806 mortem,
491 772 615 813 quam
647 761 833 803 Phaedra
863 762 1007 803 statim
1039 763 1130 814 post
1162 763 1390 804 calumnias
1421 762 1498 803 sibi
1531 761 1788 810 consciverit,

260 826 464 879 explicans
499 826 568 875 (cf.
591 827 742 881 Hygin.
766 828 793 868 f.
813 828 923 880 243).
985 829 1103 870 Talia
1137 829 1337 870 variantis
1369 828 1650 881 compilatoris
1681 828 1789 868 sunt.

262 893 449 946 Denique
481 893 614 935 nescio
646 907 698 935 an
730 894 772 935 in
803 895 1098 936 commentario
1122 895 1251 936 Persii
1282 895 1370 945 (VI,
1401 896 1492 947 56):
1521 891 1585 936 ‘et
1615 907 1665 936 ne
1687 894 1793 947 Hip-

259 961 422 1015 polytus
454 961 561 1014 patri
599 973 669 1002 suo
709 964 908 1012 narraret,
955 975 1045 1003 eum
1089 975 1262 1004 noverca
1308 974 1422 1003 verso
1469 962 1640 1003 crimine
1682 961 1791 1002 ultro

259 1028 367 1081 apud
396 1028 595 1069 Theseum
629 1029 826 1070 maritum
856 1030 1087 1081 accusavit,
1124 1041 1203 1082 quo
1236 1030 1379 1081 agnito
1401 1028 1652 1082 Hippolytus
1683 1028 1793 1081 fugit

263 1095 303 1136 et
344 1095 441 1135 dum
483 1107 604 1136 curru
645 1096 687 1136 in
728 1096 848 1138 litore
887 1098 1106 1146 exercetur,
1152 1096 1273 1149 petiit
1303 1109 1326 1137 a
1365 1096 1556 1148 Neptuno
1589 1088 1793 1137 Theseus²

259 1175 290 1202 e.
324 1175 360 1214 q.
392 1175 422 1202 s.
456 1162 625 1203 Diodori
668 1164 945 1204 commentum
987 1164 1245 1217 interluceat,
1293 1163 1362 1217 qui
1402 1162 1462 1204 ita
1494 1162 1541 1203 de
1582 1162 1698 1203 casto
1729 1157 1793 1202 iu-

258 1242 357 1270 vene
388 1230 432 1280 (l.
465 1230 534 1280 l.):
578 1225 637 1278 (ὗς
669 1222 824 1285 ἤκουσε
862 1227 915 1271 τὰ
954 1230 1057 1282 περὶ
1095 1232 1169 1286 τῆς
1207 1229 1421 1284 διαβολῆς,
1463 1224 1679 1282 συνεχύθη
1717 1224 1792 1285 τὴν

261 1292 413 1352 ψυχήν,
445 1296 553 1349 quod
584 1296 761 1350 quidem,
809 1298 839 1338 si
872 1298 1114 1339 historicum
1146 1297 1277 1351 audis,
1309 1297 1421 1339 heroi
1459 1296 1585 1337 etiam
1617 1296 1791 1336 mortem

261 1363 417 1405 attulit.
477 1363 710 1406 Scholiasta
752 1365 889 1406 autem
928 1365 1109 1407 Diodoro
1149 1378 1190 1407 se
1233 1365 1416 1418 applicat
1458 1364 1500 1405 in
1536 1376 1580 1404 eo
1619 1375 1792 1417 quoque,

261 1431 368 1484 quod
401 1431 589 1472 Phaedra
625 1431 862 1485 privignum
902 1434 1067 1486 propter
1112 1432 1461 1486 pulchritudinem
1504 1431 1619 1472 amat
1638 1433 1665 1484 3,
1712 1442 1793 1471 non

260 1498 429 1539 Veneris
462 1498 652 1551 impulsu.
687 1523 740 1527 —
773 1499 819 1540 In
844 1499 1032 1540 infimum
1056 1500 1191 1541 locum
1223 1499 1477 1541 detrudenda
1504 1498 1666 1540 Tzetzis
1696 1509 1792 1538 nar-

259 1565 366 1606 ratio
412 1565 564 1617 (Schol.
598 1566 823 1619 Lyc.1329
855 1566 905 1608 cf.
942 1566 1052 1620 610),
1099 1567 1195 1620 quia
1237 1566 1455 1608 manifesto
1498 1578 1517 1607 e
1555 1564 1790 1607 Coronifero

260 1633 366 1673 male
398 1633 684 1674 consarcinata
720 1634 792 1688 est,
841 1634 906 1675 cui
942 1634 1041 1676 item
1074 1635 1318 1676 Eustathius
1365 1634 1504 1686 (Hom.
1538 1632 1573 1673 λ.
1605 1633 1706 1682 320)
1751 1643 1792 1672 se

258 1699 441 1752 applicat
458 1702 485 1741 ⁴.

393 1766 458 1806 Ad
504 1768 729 1808 extremum
777 1768 870 1809 nolo
915 1768 1078 1810 silentio
1129 1767 1455 1821 praetermittere
1500 1766 1791 1820 Aristophanis

260 1833 452 1886 Byzantii
485 1836 774 1887 argumentum
816 1835 980 1876 fabulae
1012 1835 1269 1888 Euripideae,
1319 1847 1557 1888 quanquam
1596 1834 1667 1875 ille·
1701 1846 1792 1887 per-

260 1900 359 1941 bene
391 1900 680 1954 eleganterque
712 1902 852 1954 paucis
884 1915 1088 1944 summam
1121 1902 1284 1944 fabulae
1315 1901 1634 1954 comprehendit,
1667 1899 1792 1941 nullis

259 1968 298 2007 et
329 1980 377 2008 ne
408 1968 700 2010 recentioribus
737 1969 900 2022 quidem
943 1969 1282 2022 compilatoribus
1322 1969 1430 2010 inter
1468 1981 1614 2010 manus
1654 1968 1790 2009 fuisse.

260 2033 391 2075 Immo
435 2034 541 2087 quod
581 2047 706 2076 unum
744 2036 1043 2088 grammaticus
1086 2036 1349 2091 neglegenter
1378 2035 1512 2088 ponit:
1559 2034 1791 2077 Phaedram

262 2206 429 2240 narratio
451 2207 575 2251 (Vei-g.
596 2209 687 2241 Aen.
704 2207 780 2250 VII,
802 2209 883 2251 761)
902 2208 1066 2253 alioquin
1091 2209 1210 2243 eidem
1236 2212 1412 2254 tanquam
1439 2208 1631 2252 calopodio
1651 2210 1790 2252 aptata.

259 2263 411 2299 Praeter
440 2266 601 2300 alterum
628 2267 920 2312 mythographus
937 2267 1136 2302 Vaticanus
1166 2269 1269 2312 prior
1287 2268 1328 2313 (f.
1358 2269 1418 2313 46)
1446 2281 1465 2303 a
1491 2268 1617 2302 Servio
1643 2267 1790 2311 pendet.

396 2323 407 2342 ¹
435 2324 598 2359 Immane
618 2325 706 2369 quid
726 2325 854 2370 phocis
876 2327 994 2360 inesse
1019 2327 1221 2371 putabant3
1248 2328 1294 2362 cf.
1319 2327 1424 2362 Ovid.
1444 2327 1531 2361 Her.
1552 2327 1595 2366 X,
1616 2327 1683 2368 87.
1702 2325 1789 2360 Met.

259 2381 287 2424 I,
312 2383 392 2421 300,
422 2382 532 2428 Verg.
551 2384 683 2429 Georg.
702 2384 762 2426 IV,
789 2386 869 2418 395.
921 2385 1147 2420 Scholiastae
1173 2389 1295 2420 autem
1323 2386 1438 2421 Persii
1465 2386 1554 2429 (1.1.)
1582 2397 1654 2420 una
1672 2385 1790 2429 phoca

259 2451 332 2474 non
358 2441 512 2476 sufficit:
553 2442 688 2477 ‘Petiit
714 2453 734 2476 a
759 2443 931 2487 Neptuno
956 2443 1129 2486 Theseus,
1170 2447 1211 2479 ut
1243 2445 1276 2479 ei
1306 2445 1454 2489 phocas,
1492 2444 1531 2479 id
1565 2447 1619 2478 est
1652 2443 1790 2478 vitulos

260 2498 421 2533 marinos
451 2498 699 2536 immitteret'.
977 2498 984 2502 ¹

395 2558 407 2577 ²
436 2557 488 2591 Cf.
515 2558 605 2593 Eur.
633 2559 717 2604 Hip.
746 2561 835 2593 1201
865 2571 917 2604 sq.
948 2560 1027 2594 Sen.
1055 2560 1224 2596 Phaedra
1256 2562 1344 2595 1026
1369 2573 1420 2606 sq.

392 2617 405 2636 ³
432 2617 534 2651 Idem
561 2618 711 2653 exhibet
737 2618 855 2653 Schol.
882 2619 1024 2654 Platon.
1052 2620 1140 2665 Leg.
1168 2620 1234 2654 931
1265 2620 1306 2664 B,
1339 2632 1431 2665 quae
1456 2621 1674 2656 brevissima
1707 2633 1789 2656 nar-

257 2674 353 2709 ratio
380 2677 569 2719 ceteroqui
594 2677 687 2710 nihil
715 2678 954 2712 memorabile
981 2679 1156 2713 continet.

395 2736 409 2754 4
436 2733 558 2768 Sciens
585 2736 819 2779 praetermisi
844 2740 1051 2771 monstrum
1077 2738 1315 2782 narrationis,
1343 2738 1441 2782 quod
1465 2737 1667 2782 Cephalion
1694 2750 1788 2773 com-

261 2795 405 2826 mentus
432 2796 488 2827 est
513 2797 663 2828 auctore
690 2794 828 2829 Malala
855 2796 1003 2837 (Chron.
1031 2807 1065 2840 p.
1092 2797 1137 2829 88
1168 2796 1222 2831 ed.
1249 2796 1340 2830 Bon.
1370 2796 1505 2831 Miiller
1531 2796 1572 2831 F.
1597 2797 1640 2831 H.
1666 2796 1707 2831 G.
1734 2797 1788 2831 III

262 2862 296 2895 p.
324 2851 409 2896 630)
436 2855 473 2886 et
498 2852 633 2887 similia
659 2852 810 2898 Georgii
838 2854 992 2888 Cedreni
1021 2855 1163 2889 somnia
1190 2855 1262 2899 (ed.
1291 2855 1380 2890 Bou.
1408 2855 1423 2889 I
1448 2867 1484 2900 p.
1510 2856 1607 2898 215).
