1912 3310
848 188 891 223 79

109 301 246 356 puella
287 300 482 343 videntur
516 301 722 342 arbitratu
762 313 834 342 suo
866 301 1037 351 variare,
1082 314 1184 354 quae
1215 301 1389 343 nominis
1421 301 1636 343 diversitas

111 368 213 410 olim
249 380 295 409 ex
325 366 493 408 dialecti
524 367 772 420 proprietate
801 368 891 408 orta
922 368 994 418 est,
1026 368 1072 408 ut
1102 368 1335 410 Athenaeus
1365 369 1472 422 (XV,
1508 368 1636 421 6880)

108 435 246 477 docet:
279 429 418 487 μύρρα
447 430 524 487 γὰρ
551 432 573 488 ἡ
601 430 767 486 σμύρνα
795 432 896 486 παρ’
930 425 1145 475 Αἰολεῦσι
1179 435 1247 485 (cf.
1273 435 1406 477 Schol.
1436 436 1631 489 Lycophr.

108 501 136 542 l.
167 500 194 543 l.
226 499 389 553 Sappho
420 500 499 553 frg.
535 501 614 541 163
646 500 709 552 Β.)
732 502 754 542 ¹.

241 566 409 620 Copiam
436 579 665 620 procorum,
698 567 746 608 de
775 580 853 620 qua
878 567 1049 609 Ovidius
1071 569 1110 610 et
1131 569 1364 610 Antoninus
1387 569 1632 621 conspirant,

111 634 267 677 Cinnae
297 634 525 676 innotuisse
555 634 711 687 primus
744 635 939 676 concludo
971 648 1015 677 ex
1046 636 1356 689 epigrammate,
1406 635 1512 688 quod
1538 635 1634 677 Sue-

107 702 246 744 tonius
286 701 354 754 (de
383 714 560 755 gramm.
592 702 660 753 18)
697 702 756 742 ait
793 702 836 742 in
869 701 1128 753 Crassicium,
1176 704 1245 755 qui
1277 703 1493 757 Zmyrnam
1525 715 1635 743 coin-

110 768 312 810 mentario
343 768 641 819 illustraverat,
673 768 871 821 scriptum
903 781 1005 810 esse:

313 851 395 893 Uni
427 851 629 893 Crassicio
660 864 701 893 se
734 851 894 893 credere
924 852 1099 905 Zmyrna
1130 853 1337 905 probavit:

374 918 549 960 desinite
579 918 736 960 indocti
768 918 959 971 coniugio
991 919 1096 959 hanc
1127 919 1280 971 petere!

311 985 397 1028 Soli
429 984 629 1027 Crassicio
660 998 701 1026 se
731 985 835 1026 dixit
863 985 1012 1026 nubere
1044 985 1156 1034 velle,

374 1053 524 1094 intima
554 1053 619 1094 cui
651 1053 726 1094 soli
758 1054 855 1094 nota
884 1065 957 1093 sua
988 1052 1208 1093 extiterint.

98 1127 249 1191 >Atque
277 1136 375 1179 salis
407 1149 578 1178 acumen
610 1136 735 1178 etiam
764 1136 993 1188 elegantius
1019 1135 1078 1186 fit,
1112 1136 1145 1176 si
1181 1137 1444 1189 assumpseris
1475 1138 1635 1190 poetam

111 1207 159 1247 ut
195 1205 367 1248 Ovidius
401 1205 561 1258 patrem
599 1216 644 1245 ex
684 1203 770 1244 filia
810 1203 1070 1256 quaerentem
1118 1203 1336 1258 induxisse,
1382 1204 1446 1245 cui
1490 1204 1638 1245 nubere

110 1273 246 1316 vellet.

246 1340 436 1394 Myrrhae
471 1339 609 1380 autem
650 1350 742 1378 cum
782 1337 940 1378 nutrice
977 1337 1226 1390 colloquium
1266 1337 1550 1390 compilatores
1591 1339 1636 1378 ut

112 1420 271 1449 merum
302 1406 588 1449 ornamentum
621 1405 862 1458 plerumque
890 1404 1132 1457 oppressisse
1162 1403 1372 1451 videntum
1411 1404 1543 1445 simile
1574 1404 1638 1444 ta-

112 1487 204 1517 men
235 1473 457 1524 residuum,
489 1472 610 1526 quale
639 1472 681 1513 in
704 1472 918 1521 Antonini,
951 1471 993 1511 in
1016 1471 1230 1512 Plutarchi
1252 1471 1485 1512 narratione
1507 1471 1638 1512 exstat

113 1541 159 1596 (l.
190 1541 256 1594 l.):
294 1539 365 1581 καὶ
394 1539 445 1596 τῇ
476 1540 628 1594 τροφῷ
660 1534 737 1594 τὴν
778 1532 963 1592 οἷνάγκην
998 1538 1073 1578 τοῦ
1115 1534 1279 1589 ἔρωτος
1316 1533 1529 1591 ἐδήλωσεν
1565 1538 1635 1588 (SC.

113 1603 317 1661 Σμύρνα),
365 1606 474 1660 quod
519 1606 629 1648 ultro
670 1619 742 1647 nos
785 1606 951 1647 revocat
989 1605 1039 1646 ad
1072 1604 1286 1657 Hippolyti
1327 1605 1636 1657 argumentum:

114 1673 324 1728 στέγουσα
366 1672 413 1715 δὲ
456 1668 536 1727 τήν
581 1669 709 1714 νόσον
752 1668 891 1727 χρόνῳ
943 1668 1055 1723 προς
1106 1667 1184 1725 τήν
1233 1666 1399 1725 τροφὸν
1451 1670 1635 1724 δηλῶσαι

116 1737 381 1800 ἠναγκάσθη.

246 1810 297 1851 In
326 1809 518 1863 Myrrhae
545 1808 677 1849 morte
708 1807 944 1849 voluntaria
972 1805 1219 1847 illustranda
1248 1804 1393 1846 Ovidio
1422 1817 1459 1845 v.
1478 1803 1557 1844 378
1579 1816 1637 1856 sq.

116 1875 288 1917 mirifice
323 1876 517 1917 convenit
550 1887 643 1916 cum
669 1887 749 1916 uno
782 1874 961 1928 Hygino,
1010 1870 1079 1926 qui
1110 1872 1158 1913 de
1193 1871 1328 1924 puella
1359 1870 1482 1912 refert
1511 1870 1537 1911 f.
1568 1871 1640 1910 58:

111 1941 240 1997 ‘quae
273 1956 323 1984 ne
350 1942 566 1995 suspendio
597 1954 638 1983 se
669 1944 847 1991 necaret,
887 1939 1025 1981 nutrix
1055 1939 1311 1980 intervenit‘.
1353 1960 1404 1966 —
1439 1937 1642 1978 Accurate

117 2151 226 2197 Verg.
251 2151 340 2186 Buc.
367 2151 414 2195 X,
444 2152 487 2185 18
511 2162 546 2195 p.
573 2152 617 2184 25
644 2150 706 2184 Κ.;
735 2148 905 2187 ‘Adonis‚
931 2150 972 2181 ut
997 2146 1178 2181 Hesiodus
1206 2145 1269 2185 ait,
1298 2144 1490 2179 Phoenicis
1517 2146 1553 2177 et
1580 2142 1642 2176 Al-

116 2210 337 2255 phesiboeae
363 2210 426 2256 (cf.
452 2210 671 2255 Apollodor.
700 2208 765 2248 ΙΙΙ,
795 2210 848 2242 14.
876 2208 926 2252 3),
952 2206 1134 2252 Agenoris
1160 2204 1341 2247 Thiantis,
1374 2203 1437 2248 qui
1462 2201 1643 2236 Histriam

117 2269 370 2314 Arabiamque
409 2270 532 2304 tenuit
572 2268 742 2313 imperio,
785 2270 826 2301 ut
852 2265 1095 2301 Antimachus
1131 2264 1196 2307 ait,
1237 2262 1407 2307 regnavit
1433 2261 1562 2304 Cypro,
1603 2261 1644 2293 ut

117 2327 430 2371 Philostephanus
456 2327 565 2370 libro,
603 2338 676 2371 quo
704 2325 937 2370 quaestiones
970 2323 1133 2367 poeticas
1166 2321 1340 2363 reddidit,
1380 2332 1423 2354 ex
1449 2318 1535 2352 Iove
1567 2317 1644 2351 sine

117 2385 226 2419 ullius
252 2385 411 2420 feminae
438 2385 610 2421 accubitu
636 2381 879 2430 procreatus'.
926 2382 978 2416 Cf.
1004 2380 1213 2415 Antimach.
1236 2378 1328 2422 Lyd.
1348 2378 1418 2422 frg.
1440 2378 1481 2410 15
1508 2375 1643 2420 Bergk,

119 2443 183 2488 qui
203 2447 287 2489 post
312 2442 523 2490 ‘Agenoris’
553 2445 723 2479 lacunam
751 2455 826 2478 esse
851 2441 989 2476 statuit.
1041 2439 1211 2484 Apollod.
1231 2438 1295 2481 III,
1319 2437 1370 2470 14.
1388 2437 1424 2469 4:
1458 2430 1645 2471 Πανύασις

119 2501 164 2535 δέ
188 2512 276 2547 φησι
306 2503 474 2540 Θείαντος
506 2504 682 2546 βασιλέως
712 2499 911 2544 Ἀσσυρίων
942 2499 1001 2542 (sc.
1029 2497 1092 2531 τὸν
1110 2494 1278 2539 Ἄδωνιν).
1334 2494 1481 2528 Tzetzes
1509 2493 1644 2537 (Schol.

119 2559 304 2604 Lycophr.
331 2561 410 2595 829.
439 2561 521 2603 831)
547 2561 638 2595 duos
665 2559 853 2594 Adonides
879 2558 993 2600 novit,
1020 2557 1176 2590 alterum
1197 2554 1367 2598 Byblium
1387 2551 1568 2594 Thiantis,
1594 2551 1644 2585 al-

120 2621 243 2653 terum
269 2618 443 2663 Cyprium
471 2619 626 2663 Cinyrae
653 2618 790 2660 filium;
822 2616 866 2650 of.
895 2616 1010 2650 Greve
1038 2615 1062 2647 l.
1088 2614 1110 2647 1.
1137 2625 1170 2657 p.
1200 2614 1230 2646 7.

257 2679 266 2697 ²
294 2677 445 2712 Veneris
481 2679 586 2721 iram,
627 2689 736 2721 quam
764 2675 931 2710 breviter
957 2674 1219 2708 commemorat
1246 2669 1491 2714 Apollodorus
1530 2667 1644 2701 fusius

120 2736 287 2782 Hyginus
328 2736 546 2771 Lactantius
587 2736 666 2780 (Ov.
701 2735 785 2769 Met.
819 2734 861 2767 X.
900 2732 923 2766 f.
957 2734 992 2774 7)
1033 2730 1221 2764 Theocriti
1265 2728 1462 2762 scholiasta
1500 2736 1646 2760 causam

122 2796 370 2839 subtexentes,
398 2795 551 2830 Ovidius
578 2794 768 2839 praeterit.
821 2791 968 2826 Servius
996 2789 1118 2834 (Verg.
1140 2788 1227 2822 Buc.
1246 2787 1290 2831 X,
1313 2788 1370 2829 18)
1398 2785 1442 2819 de
1469 2784 1561 2818 Solis
1591 2783 1646 2816 ira

119 2857 267 2899 narrat;
293 2854 340 2890 cf.
366 2853 486 2889 Greve
511 2853 535 2887 l.
562 2853 586 2887 l.
611 2864 646 2897 p.
673 2853 705 2885 8.
