1912 3310
1028 204 1074 239 78

286 318 423 371 lepida
453 330 501 359 ac
531 317 666 359 taetra
697 317 821 358 simul
850 316 1033 370 imagine
1063 316 1173 358 filiae
1203 316 1254 358 ad
1286 316 1445 368 patrem
1482 315 1700 370 rogantem
1732 327 1817 356 sese

287 384 536 437 applicantis
564 384 746 425 suaviter
774 383 1020 425 blandiendo
1052 383 1424 436 respondencloque,
1470 395 1512 424 se
1542 383 1676 423 virum
1708 381 1816 435 patri

287 452 463 493 similem
493 452 633 504 optare
663 465 700 492 v.
718 452 829 492 3641>
875 451 923 492 In
958 452 1105 504 quibus
1137 451 1326 492 omnibus
1358 463 1466 502 vero,
1497 463 1546 492 ne
1578 450 1815 503 caligemus,

286 518 370 560 iam
415 518 552 571 paullo
596 518 719 560 altior
763 518 915 571 indago
960 517 1188 570 flagitatur,
1238 529 1335 558 num
1370 517 1541 559 Ovidius
1575 517 1616 557 in
1648 516 1817 569 reliquis

287 585 538 627 narrationis
567 585 753 638 partibus
789 597 880 625 cum
918 597 998 626 uno
1031 585 1292 637 potissimum
1327 585 1492 625 nostrae
1521 583 1685 625 fabulae
1719 594 1818 623 auc·-

286 654 375 695 tore
405 653 609 705 conspiret
640 653 680 693 et
711 653 913 705 quatenus
943 653 994 694 ab
1024 653 1227 694 Antonini
1259 653 1425 694 auctore
1455 650 1630 693 recedat.

420 719 617 761 Exordior
659 733 682 760 a
723 719 899 761 nominis
943 720 1162 773 stirpisque
1208 720 1440 762 recensione
1484 719 1659 760 testibus
1701 717 1816 758 iuxta

285 787 496 840 ponendis.
530 787 698 840 Myrrha
731 786 904 840 Cinyrae
937 787 1180 841 Cypriorum
1210 787 1318 840 regis
1350 787 1452 828 filia:
1492 785 1566 828 Ov.
1597 785 1677 826 298
1709 797 1769 838 sq.
1792 785 1815 835 ¹,

285 853 397 896 Serv.
422 854 542 907 Verg.
569 854 668 895 Buc.
699 853 747 904 X,
783 855 845 895 18.
906 854 1040 896 Mater
1073 854 1288 896 Cenchreis
1319 855 1379 895 est
1401 853 1548 895 Ovidio
1580 852 1747 894 auctore
1778 863 1815 892 v.

285 922 379 962 435.
413 945 463 949 -—
494 920 663 975 Myrrha
697 920 871 975 Cinyrae
904 921 1009 962 filia:
1042 921 1152 963 Serv.
1178 922 1299 974 Verg.
1335 921 1436 961 Aen.
1468 921 1517 971 V,
1550 921 1646 970 722,
1680 918 1815 960 Schol.

287 988 489 1030 Theocrit.
507 988 539 1036 Ι,
564 988 655 1038 107,
688 988 755 1029 ubi
774 990 905 1029 mater
924 988 1098 1041 Smyrna
1115 988 1360 1041 appellatur.
1378 1011 1421 1016 —
1440 987 1609 1041 Myrrha
1626 985 1815 1027 Thiantis

285 1055 390 1097 filia:
438 1054 573 1097 Schol.
605 1055 802 1108 Lycophr.
834 1055 949 1096 Alex.
990 1056 1083 1105 828,
1123 1055 1378 1107 Nicephorus
1409 1053 1630 1108 Progymn.
1677 1052 1814 1102 (Walz

286 1123 406 1166 Rhet.
440 1122 509 1165 Gr.
541 1123 561 1164 I
592 1136 627 1176 p.
658 1123 760 1171 4293
791 1123 877 1164 cod.
910 1117 1041 1174 Θόας)
1060 1125 1087 1172 ³,
1122 1121 1258 1164 Schol.
1289 1122 1462 1175 Oppian.
1493 1121 1716 1163 Halieutic.
1738 1120 1814 1169 III,

285 1192 367 1232 403
409 1190 475 1244 (cf.
508 1189 638 1232 Greve
676 1190 724 1232 de
756 1190 941 1231 Adonide
987 1203 1023 1243 p.
1056 1190 1112 1242 5).
1186 1190 1398 1244 Myrrham
1442 1189 1614 1231 Nonnus
1659 1200 1815 1241 semper

286 1258 444 1299 Adonis
474 1258 649 1299 matrem
680 1257 869 1299 nominat
901 1257 971 1309 (cf.
1005 1257 1169 1311 Dionys.
1201 1257 1254 1310 ΙΙ,
1279 1257 1369 1297 151.
1401 1256 1555 1310 XXIX,
1580 1257 1656 1297 135
1689 1268 1720 1297 e.
1745 1255 1815 1306 s.);

284 1326 383 1367 item
410 1325 648 1379 Lycophron
672 1325 785 1367 Alex.
815 1326 909 1376 829,
942 1325 1180 1378 Propertius
1210 1325 1281 1375 IV,
1308 1325 1368 1365 19.
1404 1325 1455 1365 16
1477 1324 1526 1365 Η.
1558 1347 1612 1351 -
1640 1323 1815 1375 Smyrna

286 1393 459 1447 Cinyrae
490 1393 751 1446 Assyriorum
782 1393 889 1446 regis
920 1393 959 1434 et
992 1391 1251 1434 Cenchreidis
1283 1392 1391 1434 filia:
1422 1391 1575 1446 Hygin.
1606 1391 1634 1432 f.
1667 1392 1719 1432 58
1745 1390 1814 1442 (cf.

285 1460 311 1502 f.
331 1461 467 1511 242)⁴.
501 1460 675 1514 Smyrna
707 1459 884 1513 Cinyrae
917 1459 1018 1501 filia:
1053 1460 1164 1500 Plut.
1193 1459 1348 1501 Parall.
1378 1460 1431 1500 22
1464 1459 1680 1511 (Stobaeus
1703 1457 1812 1498 Flor.

285 1528 350 1568 64.
382 1528 467 1577 34).
527 1527 679 1568 Anton.
711 1527 841 1568 Liber.
874 1526 899 1567 l.
932 1527 981 1568 l.:
1037 1525 1244 1576 Θείαντος
1280 1527 1357 1567 τοῦ
1390 1522 1536 1580 Βήλου
1581 1524 1650 1566 καὶ
1684 1517 1813 1577 Ὠρει-

282 1593 414 1644 θυίας
442 1595 542 1647 μιᾶς
578 1595 664 1635 τῶν
701 1593 884 1649 νυμφῶν
916 1590 1082 1647 ἐγένετο
1114 1589 1309 1647 θΓγάῖηρ
1342 1591 1385 1634 ἐν
1414 1594 1475 1648 τῷ
1512 1586 1605 1646 ὄρει
1635 1593 1697 1647 τῷ
1728 1593 1814 1632 Λι-

282 1657 399 1717 βάνῳ
429 1657 645 1714 Σμιῗρναῦ.
697 1661 881 1714 Denique
913 1661 1052 1703 Helvii
1085 1661 1238 1703 Cinnae
1270 1673 1425 1703 memor
1454 1661 1520 1715 sis,
1551 1660 1659 1713 apud
1691 1671 1812 1713 quem

283 1730 419 1783 puella
447 1729 546 1771 item
568 1729 745 1782 Smyrna
778 1728 841 1770 vel
862 1728 1041 1782 Zmyrna
1071 1729 1188 1770 audit
1199 1731 1226 1770 ⁶.
1250 1752 1298 1758 --
1323 1729 1370 1769 In
1402 1727 1654 1769 nominanda
1683 1727 1815 1779 igitur

419 1887 429 1906 ¹
457 1885 497 1919 111
525 1885 643 1930 Cypro
671 1897 755 1919 eum
780 1897 952 1931 regnasse
980 1886 1133 1921 Ovidius
1157 1898 1231 1921 non
1256 1897 1426 1931 expresse
1446 1885 1596 1930 quidem
1614 1885 1722 1928 dicit3
1749 1884 1812 1919 sed

283 1956 327 1979 ex
353 1944 501 1979 silentio
527 1944 622 1979 hanc
648 1944 994 1988 interpretationem
1023 1945 1191 1990 colligas,
1225 1957 1306 1979 cum
1334 1947 1443 1978 antea
1469 1943 1513 1977 de
1539 1943 1608 1978 hac
1632 1943 1751 1977 insula
1777 1945 1814 1977 et

281 2003 327 2037 de
353 2003 493 2047 Paphio
519 2003 629 2037 heroe
652 2003 797 2037 locutus
824 2003 883 2037 sit.
950 2003 1117 2047 Accedit,
1153 2004 1254 2048 quod
1280 2015 1314 2037 v.
1342 2003 1409 2037 299
1436 2002 1637 2036 denotatur
1662 2013 1812 2046 prover-

281 2062 384 2096 bium
410 2062 503 2096 illud
518 2057 672 2106 Κινύρου
691 2058 954 2106 πλουσιώτερος
980 2062 1026 2096 ad
1053 2062 1273 2107 Cypriorum
1299 2073 1425 2107 regem
1451 2062 1609 2096 relatum
1637 2060 1698 2103 (cf.
1724 2060 1812 2094 Par-

281 2121 456 2165 ocmiogr.
484 2121 653 2165 Append.
688 2120 749 2164 IV,
776 2121 830 2154 68.
884 2121 991 2155 801111.
1032 2125 1068 2156 et
1094 2121 1134 2155 L.
1162 2122 1177 2155 Ι
1213 2133 1247 2166 p.
1275 2121 1355 2155 450.
1395 2120 1600 2165 Diogenian
1626 2119 1724 2163 VIII,
1757 2120 1812 2153 53.

282 2178 389 2213 Schn.
418 2181 454 2213 et
483 2178 522 2212 L.
551 2178 567 2212 I
594 2190 627 2222 p.
656 2179 751 2222 316).

416 2238 429 2257 2
454 2237 513 2271 Ab
542 2237 611 2271 1100
637 2236 755 2271 Servii
784 2237 863 2272 loco
890 2238 1056 2282 pendent
1077 2238 1208 2273 breves
1227 2237 1530 2272 narratiunculae
1547 2235 1810 2282 Mythograph.

281 2296 399 2331 Vatic.
427 2297 455 2337 I,
482 2298 563 2330 200.
590 2295 632 2338 II,
661 2297 716 2330 34.
742 2296 808 2340 III,
839 2298 877 2330 11
905 2297 987 2341 (17).

416 2354 429 2373 ³
455 2354 702 2399 Nicephorum
739 2355 785 2390 ad
814 2358 938 2400 partes
974 2368 1078 2400 voco,
1119 2356 1206 2400 quia
1234 2356 1435 2391 verisimile
1465 2357 1520 2390 est
1546 2366 1628 2389 eum
1657 2366 1701 2389 ex
1726 2354 1811 2388 Ale-

281 2413 464 2448 xandrino
491 2413 594 2448 fonte
620 2413 796 2449 hausisse.

415 2474 429 2493 4
456 2472 579 2506 Sciens
607 2472 738 2507 omitto
765 2473 904 2518 Hygini
929 2472 1096 2508 fabulam
1126 2475 1201 2509 164.
1243 2474 1348 2517 Quod
1367 2474 1418 2508 ibi
1438 2474 1482 2507 de
1500 2473 1653 2517 Myrrha
1669 2493 1710 2497 —
1725 2485 1811 2508 nam

281 2531 333 2566 sic
358 2532 573 2565 nominatur
600 2551 641 2555 ——
666 2531 841 2575 traditur,
870 2543 914 2566 ex
940 2532 1138 2577 Fulgentio
1166 2533 1231 2576 ΙΙΙ,
1259 2534 1280 2567 8
1304 2533 1451 2578 Hygino
1478 2535 1641 2566 assutum
1667 2534 1738 2576 est3
1766 2531 1810 2566 cf.

281 2590 328 2623 M.
358 2590 553 2624 Schmidtii
581 2590 635 2624 ed.
664 2602 697 2634 p.
729 2592 783 2624 18.

417 2650 429 2668 ⁵
456 2648 599 2682 Fanum
625 2648 777 2683 Veneris
811 2649 849 2682 in
881 2649 1026 2684 Libano
1064 2653 1190 2685 monte
1222 2662 1243 2684 a
1275 2650 1433 2685 Thiante
1473 2650 1611 2684 factum
1654 2661 1809 2685 comme-

282 2709 403 2740 morat
428 2706 614 2741 Lucianus
642 2707 735 2751 (Syr.
756 2707 800 2741 D.
828 2707 874 2751 9),
902 2709 964 2751 qui
992 2709 1029 2742 in
1056 2708 1151 2743 libro
1179 2709 1223 2743 de
1251 2709 1449 2743 saltatione
1475 2709 1519 2753 (c.
1539 2710 1600 2753 58)
1618 2709 1809 2753 Myrrham

282 2764 322 2798 ἓν
345 2768 495 2811 Φοινίκῃ
520 2765 622 2799 dicit.
673 2765 808 2809 Byblos
835 2766 923 2800 urbs
950 2763 1106 2811 Α’Ῑὺρρας
1130 2764 1219 2800 ι’ἒσιι·
1244 2770 1400 2802 vocatur
1438 2767 1571 2811 (Schol.
1598 2767 1683 2811 Lyc.
1710 2768 1734 2801 l.
1762 2766 1809 2812 1.),

282 2823 383 2857 cuius
409 2835 486 2867 rex,
513 2824 543 2857 si
571 2824 789 2858 Strabonem
817 2824 929 2869 (XVI,
955 2825 1038 2870 755)
1065 2826 1178 2868 audis,
1206 2826 1358 2870 Cinyras
1385 2826 1515 2861 fertur.

417 2883 429 2901 ⁶
457 2882 510 2916 Cf.
536 2882 677 2917 Weich.
710 2883 810 2918 Poet.
841 2883 923 2918 Lat.
956 2883 1045 2919 Min.
1080 2896 1116 2929 p.
1148 2886 1214 2919 168
1239 2896 1292 2929 sq.
1333 2905 1374 2909 —
1413 2885 1480 2919 His
1518 2884 1613 2919 addo
1645 2884 1807 2919 Probum
