1912 3310
1019 234 1040 267 6

262 349 349 403 lyto
379 349 549 390 eximiae
581 348 748 390 virtutis
778 348 1002 402 imaginem
1031 348 1082 389 ab
1113 347 1285 399 antiqua
1307 345 1448 387 fabula
1470 345 1791 398 praeformatam

262 416 585 468 adumbraverit,
630 416 769 456 tamen
802 415 1055 463 ornamenta,
1104 426 1207 466 quae
1235 412 1359 454 libere
1389 412 1624 464 interponit,
1672 412 1793 464 plane

263 483 315 525 ad
336 483 489 524 saeculi
521 495 683 523 sensum
714 482 913 534 apparata
948 482 1057 522 sunt.
1117 480 1227 521 Nam
1257 480 1300 520 in
1332 491 1390 532 eo,
1423 479 1493 532 qui
1515 492 1585 520 esu
1605 479 1792 520 carnium

261 550 466 591 abstineat
503 550 541 589 et
578 549 777 589 librorum
816 541 983 588 ‘fumis'
1021 547 1198 596 incubet,
1251 545 1414 599 qualem
1445 546 1623 587 Theseus
1658 545 1791 586 filium

263 616 459 658 describit
490 616 547 666 (v.
579 617 659 656 952
691 617 781 668 sq),
821 614 1034 655 Weloker¹
1075 614 1231 655 dudum
1276 626 1417 655 verum
1458 612 1794 665 Orpheotelesten

265 683 472 737 cognovit⁷
519 695 599 723 non
635 682 787 724 iudicio
824 695 920 724 usus
957 695 1029 723 suo
1069 683 1138 723 sed
1170 683 1312 735 poetae
1343 681 1470 735 ipsius
1501 681 1793 723 auctoritatem

265 751 321 804 (v.
344 751 443 803 953)
476 751 660 801 secutus3
695 749 764 803 qui
797 750 924 791 etiam
955 750 1007 791 ad
1037 749 1232 803 mysteria
1255 748 1497 790 celebranda
1520 747 1794 802 Hippolytum

264 819 448 860 Athenas
480 817 708 870 profectum
746 830 829 858 esse
865 817 988 870 fingit
1022 816 1079 869 (v.
1111 818 1196 867 25).
1256 817 1396 869 Atque
1434 816 1604 858 eandem
1640 817 1794 857 sectam

263 897 359 938 prae
389 897 430 925 se
461 884 565 925 ferre
595 883 769 934 videtur,
804 896 895 924 cum
928 883 1202 925 acerbissimis
1234 895 1281 924 ac
1312 895 1439 936 paene
1460 883 1646 924 ridiculis
1666 881 1795 924 male-

263 951 385 994 dictis
408 951 657 1005 Hippolytus
679 952 815 992 totum
847 951 1093 992 feminarum
1123 963 1252 1004 genus
1282 950 1376 1003 figit
1390 951 1447 1002 (v.
1467 951 1547 991 616
1565 951 1682 1003 sq.)².
1728 950 1796 990 An

264 1022 384 1074 putas
422 1022 597 1072 poetam,
652 1030 888 1071 quanquam
929 1017 1169 1060 mulieribus
1219 1029 1297 1058 non
1350 1017 1528 1067 favebat,
1575 1017 1683 1058 inter
1721 1017 1796 1058 has

263 1087 466 1129 mordacis
498 1085 648 1127 calami
678 1085 862 1126 fictiones
893 1098 974 1126 non
1010 1085 1159 1135 risisse,
1206 1097 1299 1125 cum
1342 1084 1427 1126 eius
1465 1097 1566 1126 sana
1605 1097 1719 1125 mens
1750 1097 1797 1125 ex

263 1155 356 1197 aliis
387 1154 508 1195 dictis
540 1153 640 1194 satis
672 1153 809 1205 aperte
839 1152 1087 1205 pe1·luceat³.
1134 1151 1281 1193 Nescio
1313 1152 1464 1202 autem,
1492 1151 1635 1193 anille
1656 1151 1796 1192 eodem

265 1221 434 1263 oonsilio
466 1221 630 1261 heroem
660 1232 779 1260 suum
819 1219 1091 1260 intoleranter
1127 1231 1168 1260 se
1204 1219 1430 1260 iactantem
1470 1220 1510 1260 et
1545 1218 1795 1272 gloriantem

263 1287 556 1340 introduxerit,
602 1287 804 1328 neminem
843 1287 953 1327 intra
995 1286 1154 1339 patriae
1195 1286 1295 1327 fines
1337 1289 1512 1340 exstare,
1562 1285 1633 1339 qui
1675 1285 1796 1327 tanta

265 1357 420 1398 virtute
451 1355 659 1408 praeditus
694 1355 748 1395 sit
781 1355 937 1407 quanta
968 1353 1053 1407 ipse
1085 1353 1139 1405 (v.
1172 1354 1253 1395 993
1284 1367 1342 1407 sq.
1378 1354 1525 1406 1100);
1557 1365 1682 1406 quam
1711 1352 1795 1393 iac-

264 1423 463 1465 tationem
509 1435 634 1475 paene
670 1421 979 1463 circulatoriam
1019 1421 1197 1462 Theseus
1242 1422 1364 1462 antea
1409 1420 1457 1462 de
1496 1420 1674 1473 Orphico
1720 1419 1797 1460 filii

265 1490 377 1531 victu
422 1489 621 1531 disserens
667 1490 804 1542 aperte
848 1488 1118 1529 denotaverat
1159 1501 1196 1529 v.
1228 1489 1331 1530 952:
1377 1481 1455 1543 ἤδη
1492 1487 1565 1529 νῦν
1602 1479 1722 1540 αὔχει
1757 1487 1797 1528 et

265 1570 301 1598 v.
334 1556 432 1598 950:

518 1617 595 1663 οὖν.
625 1617 675 1663 ἓῖν
706 1621 925 1677 πιθοίμην
956 1626 1071 1664 τοῖσι
1103 1626 1199 1672 σοῖς
1228 1619 1419 1676 κόμποις
1450 1621 1544 1676 e'yu'.

398 1692 536 1744 Atque
567 1703 586 1732 e
614 1703 656 1732 re
686 1692 747 1732 est
785 1691 860 1732 hoc
896 1691 984 1732 loco
1020 1704 1159 1732 versus
1197 1691 1594 1732 conclamatissimos
1632 1690 1798 1732 multis-

265 1772 342 1813 que
363 1759 545 1812 agitatos
568 1758 855 1799 controversiis
887 1758 938 1799 73
969 1771 1043 1811 sq.,
1074 1770 1174 1811 quos
1198 1757 1450 1811 Hippolytus
1479 1757 1723 1811 pronuntiat
1754 1757 1798 1798 in

266 1827 424 1868 Dianae
461 1826 602 1866 statua
642 1825 909 1878 redimienda,
956 1826 1199 1867 examinare.
1261 1824 1378 1866 Certe
1416 1825 1557 1878 agitur
1593 1824 1642 1865 de
1678 1825 1797 1877 prato

266 1894 437 1943 Dianae,
486 1892 719 1946 pastoribus
750 1905 830 1934 non
859 1892 1040 1943 colendo,
1086 1892 1154 1933 sed
1194 1892 1302 1945 quod
1334 1892 1584 1947 Hippolytus
1615 1891 1799 1933 affirmat

266 1975 302 2003 v.
336 1962 386 2002 79
418 1973 491 2014 sq.,
537 1960 587 2001 iis
619 1962 785 2001 tantum
814 1960 975 2001 licitum
1007 1972 1090 2001 esse
1119 1959 1236 2001 flores
1268 1959 1491 2012 decerpere,
1539 1958 1687 2012 quibus
1723 1970 1799 1999 na-

265 2030 360 2070 tura
391 2028 523 2069 virtus
553 2028 593 2069 et
625 2027 900 2080 temperantia
931 2027 1057 2068 insita
1090 2027 1156 2080 sit,
1191 2026 1225 2067 si
1256 2025 1307 2067 ad
1338 2026 1556 2067 veritatem
1587 2025 1627 2067 et
1657 2037 1799 2067 recon-

402 2199 414 2218 ¹
440 2198 500 2232 Kl.
528 2197 678 2232 Schrift.
705 2197 740 2231 II
767 2209 802 2241 p.
830 2198 910 2230 474.
959 2196 1142 2242 Tragoed.
1180 2208 1215 2241 p.
1244 2195 1323 2230 749.
1362 2195 1407 2230 cf.
1441 2195 1587 2230 Lobeck
1612 2195 1796 2241 Aglaoph.

266 2270 302 2303 p.
320 2259 400 2291 246.
432 2257 517 2292 Noli
536 2261 661 2291 tamen
678 2257 876 2302 neglegere
894 2256 984 2290 haec
1002 2255 1134 2290 Thesei
1159 2255 1277 2290 filium
1304 2255 1536 2300 obiurgantis
1563 2259 1600 2289 et
1625 2255 1799 2300 obiurgia

267 2317 529 2362 exaggerantis
556 2327 644 2350 esse.
694 2315 821 2360 Neque
848 2316 909 2349 ille
937 2315 975 2348 in
1003 2315 1179 2359 mysteria
1205 2314 1408 2355 invehitur,
1451 2314 1515 2348 sed
1544 2314 1706 2348 tumidos
1733 2313 1797 2348 Or-

266 2376 354 2420 phei
381 2379 581 2410 sectatores
609 2374 746 2418 carpit;
790 2374 889 2418 quod
914 2385 1044 2408 moneo
1073 2378 1202 2408 contra
1228 2373 1468 2407 VVheelerum
1494 2372 1598 2407 nullo
1626 2373 1706 2407 iure
1731 2373 1798 2407 hos

266 2447 393 2469 versus
420 2435 458 2468 in
484 2434 730 2478 suspicionem
755 2438 950 2467 vocantem
977 2433 1033 2477 (de
1059 2433 1193 2467 Alcest.
1223 2436 1259 2467 et
1288 2432 1436 2476 Hippol.
1464 2432 1594 2476 Eurip.
1622 2432 1796 2476 interpol.

267 2506 301 2538 p.
322 2495 366 2527 59
384 2493 464 2538 sq.).
515 2493 760 2537 Hippolytum
779 2495 900 2526 autem
926 2495 1075 2537 praeter
1100 2491 1278 2526 ‘Dianam
1294 2488 1480 2536 reginam'
1506 2490 1654 2536 Orphea
1672 2502 1798 2537 regem

267 2553 415 2596 habere,
441 2564 515 2586 non
540 2552 659 2595 video,
686 2563 750 2586 cur
775 2562 961 2596 negemus.

405 2613 418 2633 ²
445 2611 633 2655 Orpheum
660 2610 834 2646 cecinisse
859 2610 1014 2644 tradunt
1040 2610 1100 2654 (cf.
1130 2610 1238 2644 Clem.
1266 2610 1371 2645 Alex.
1399 2609 1534 2645 Strom.
1564 2609 1626 2653 VI,
1653 2608 1737 2653 739)

562 2669 618 2707 Ὡς
642 2667 682 2703 οὐ
709 2666 878 2713 κύντερον
905 2663 947 2711 ἧν
969 2672 1029 2702 καὶ
1057 2671 1175 2715 ῥίγιον
1201 2665 1286 2703 &baro
1311 2666 1493 2714 γυναικός.

402 2730 415 2749 ³
443 2729 616 2764 Conferas
644 2741 698 2763 ex.
726 2740 780 2774 gr.
809 2728 880 2774 frg.
909 2728 993 2763 658:

533 2785 632 2826 ὅστις
657 2788 698 2822 δὲ
725 2784 847 2825 πάσας
873 2791 1052 2825 συντιθεὶς
1079 2791 1184 2833 ψέγει
1215 2786 1311 2834 λόγῳ

532 2851 703 2891 γυναῖκας
731 2847 816 2888 ἑξῆς,
846 2843 971 2885 σκαιός
997 2847 1068 2881 ἐστι
1098 2845 1161 2881 κού
1189 2844 1306 2893 σοφός
1331 2848 1403 2882 κτλ.

269 2911 306 2944 et
324 2907 395 2954 frg.
418 2907 500 2940 164:
526 2902 675 2952 ἄριστον
699 2903 804 2952 ἀνδρὶ
830 2905 948 2949 κτῆμα
976 2905 1175 2953 συμπαθὴς
1201 2903 1301 2952 γυνή.
