1912 3310
0 2915 32 3310 wau-*ww
0 2809 11 2906 “W-
0 2726 10 2747 ⁴*
0 2671 2 2673 ’

827 191 890 226 111

95 308 273 351 ubertim
312 307 590 349 adlacrimans
622 306 860 358 laciniaque
896 305 1114 358 contegens
1151 304 1299 346 faciem
1331 318 1428 347 voce
1463 301 1623 359 trepida

95 377 153 417 sic
184 388 276 417 eum
306 375 483 417 breviter
515 373 699 416 adfatur³
742 386 773 414 e.
807 385 844 425 q.
876 385 906 413 s.
945 395 997 400 —-
1029 371 1143 423 Quae
1173 372 1240 413 hic
1270 372 1358 413 fuse
1389 374 1624 425 narrantur,

95 455 141 484 ea
172 443 310 484 omnia
342 442 385 482 in
417 441 591 483 Senecae
628 440 843 493 tragoedia
878 439 1148 492 reperiuntur.
1208 439 1318 480 Nam
1356 440 1492 481 eodem
1533 452 1626 481 cru-

96 509 236 551 ciabili
266 509 472 562 prooemio
503 520 548 549 ea
579 520 725 548 scaena
750 506 944 547 exornata
973 506 1045 556 est,
1076 518 1157 559 qua
1180 505 1366 547 Phaedra
1387 507 1624 559 privignum

94 576 328 618 clanculum
368 575 456 617 adit
499 574 650 616 blando
697 572 890 625 adloquio
930 573 1108 614 delenire
1151 572 1316 625 cupiens
1347 572 1400 621 (v.
1432 574 1512 614 592
1544 586 1625 626 sq.;

96 643 146 685 cf.
178 655 301 696 supra
337 656 375 696 p.
406 641 492 694 33).
551 640 779 682 Identidem
826 640 912 690 illa,
959 640 1024 680 cui
1065 639 1159 681 ‘ora
1202 640 1354 692 coeptis
1400 641 1624 681 transitum

97 710 229 752 verbis
260 703 436 762 negant'
467 711 522 757 (v.
556 708 654 758 602)
697 708 839 760 aptum
877 707 1086 748 exordium
1126 707 1281 748 frustra
1325 708 1626 760 circumspicit3

95 777 284 829 idemque
315 775 594 817 demonstravi
617 773 663 828 (l.
693 774 739 826 l.)
763 773 1010 816 Ovidianam
1042 774 1220 826 puellam
1253 775 1499 828 significare.
1550 776 1627 817 At-

97 856 174 897 que
217 842 392 885 Senecae
436 842 685 895 Hippolytus
731 841 831 882 item
872 841 975 881 nihil
1020 841 1251 893 suspicatus
1297 841 1422 883 simili
1468 843 1626 884 ratione

97 910 262 952 nutanti
283 909 475 951 subvenit
501 909 655 950 v.608:
683 907 923 949 ‘committe
954 920 1073 948 curas
1104 908 1285 958 auribus,
1318 910 1461 960 mater,
1495 911 1626 952 meis'.

230 977 324 1029 Ipsa
371 976 535 1029 quidem
575 975 771 1017 confessio
813 975 865 1016 ab
903 974 1078 1027 Apuleio
1116 975 1157 1015 in
1194 975 1357 1016 brevius
1396 979 1628 1026 contracta;

99 1044 292 1085 nimirum
325 1043 490 1085 fabulae
512 1043 766 1084 narratorem
790 1041 1014 1095 legentium
1039 1043 1330 1095 exspectationi
1351 1045 1508 1085 erectae
1529 1045 1628 1086 adeo

96 1111 321 1165 providere,
366 1111 413 1151 ut
460 1110 674 1151 mulierem
718 1109 833 1150 nulla
873 1109 1114 1152 circuitione
1155 1122 1271 1151 usam
1303 1112 1445 1152 statim
1477 1112 1628 1153 amoris

96 1191 214 1220 voces
260 1178 456 1220 audacter
498 1177 773 1218 effundentem
811 1176 956 1230 fingat,
995 1178 1311 1219 consentaneum
1343 1179 1415 1220 est.
1475 1179 1629 1220 Tamen

98 1247 224 1287 etiam
259 1257 367 1286 nunc
397 1245 439 1285 in
471 1244 555 1285 eius
586 1245 722 1286 verbis
758 1244 902 1285 relicta
947 1245 1055 1295 sunt,
1101 1258 1205 1297 quae
1250 1245 1450 1298 originem
1495 1247 1630 1287 mani-

99 1313 201 1355 festo
240 1312 435 1365 produnt3
478 1324 572 1352 nam
611 1312 704 1364 post
735 1311 988 1364 prooemium
1019 1311 1067 1352 de
1098 1312 1219 1353 unica
1251 1312 1382 1353 salute
1413 1312 1454 1353 in
1485 1313 1629 1354 iuvene

98 1380 246 1433 posita,
291 1380 361 1432 qui
406 1378 534 1420 oculis
579 1378 662 1419 suis
706 1378 943 1419 incendium
979 1378 1260 1432 commoverit,
1298 1380 1451 1432 pergit:
1495 1376 1628 1433 ‘Ergo

99 1447 288 1489 miserere
317 1448 390 1488 tua
423 1458 546 1487 causa
582 1446 788 1498 pereuntis
834 1457 906 1486 nec
937 1446 977 1486 te
1023 1445 1167 1498 religio
1202 1446 1331 1498 patris
1363 1447 1528 1488 omnino
1560 1447 1630 1488 de-

99 1514 263 1565 terreat,
312 1513 376 1555 cui
419 1512 664 1554 morituram
702 1525 866 1565 prorsus
906 1512 1086 1554 servabis
1121 1525 1298 1554 uxorem.
1359 1514 1477 1555 lilius
1520 1515 1628 1555 enim

99 1593 392 1635 recognoscens
434 1580 658 1634 imaginem
703 1580 746 1621 in
787 1581 859 1622 tua
897 1580 1000 1622 facie
1039 1581 1186 1622 merito
1217 1582 1257 1622 te
1288 1581 1430 1635 diligo.
1491 1582 1629 1624 Habes

100 1648 335 1691 solitudinis
379 1647 541 1701 plenam
585 1647 791 1698 fiduciam,
836 1648 959 1689 habes
1006 1660 1131 1701 capax
1176 1649 1392 1690 necessarii
1436 1649 1630 1691 facinoris

101 1716 245 1757 otium.
304 1715 415 1757 Nam
446 1715 555 1768 quod
586 1728 702 1756 nemo
738 1715 865 1766 novit,
911 1728 1038 1768 paene
1070 1728 1148 1756 non
1180 1709 1282 1757 fit’l.
1330 1740 1384 1744 —
1430 1716 1629 1768 Phaedra,

102 1784 321 1836 postquam
352 1782 577 1823 identidem
608 1782 660 1823 ad
691 1782 847 1823 flebiles
878 1795 1014 1835 preces
1045 1783 1273 1836 descendit,
1318 1784 1521 1836 postremo
1566 1784 1630 1824 iu-

102 1862 242 1891 venem
271 1849 437 1902 supplex
465 1850 568 1899 orat,
598 1851 644 1891 ut
666 1850 858 1900 amantis,
892 1863 996 1903 quae
1027 1850 1068 1890 in
1089 1850 1209 1891 illum
1233 1863 1359 1892 unum
1382 1851 1630 1904 exardescat,

102 1916 364 1964 niisereatur;
405 1916 524 1957 illum
562 1916 670 1957 diem
708 1919 781 1958 aut
822 1917 975 1959 doloris
1021 1918 1094 1959 aut
1126 1918 1235 1958 vitae
1268 1917 1390 1958 finem
1422 1917 1629 1958 facturum

102 1995 185 2024 esse
216 1982 308 2024 Sen.
340 1996 376 2024 v.
411 1984 492 2024 670
522 1996 580 2036 sq.
641 1984 783 2036 Neque
833 1985 1045 2037 religionis
1097 1984 1315 2033 excusatio,
1370 1984 1434 2025 cui
1484 1984 1632 2025 mulier

102 2049 175 2091 illa
205 2050 447 2104 antevertit,
486 2051 528 2091 in
559 2051 786 2105 Hippolyto
817 2052 1093 2105 desideratur,
1141 2052 1211 2105 qui
1241 2052 1366 2092 matri
1399 2052 1546 2102 oranti,
1587 2052 1632 2092 ut

103 2117 271 2158 viduam
309 2116 423 2159 ‘sinu
460 2119 664 2171 receptam
704 2119 927 2172 supplicem
965 2131 1012 2161 ac
1053 2112 1234 2160 servam'
1267 2119 1384 2171 tegat
1426 2122 1479 2167 (v.
1515 2118 1629 2171 622),

104 2184 162 2225 ita
204 2184 384 2225 occurrit
421 2197 458 2225 v.
498 2185 579 2226 623
619 2198 700 2238 sq.:
747 2184 954 2227 ‘suminus
998 2187 1074 2227 hoc
1123 2198 1241 2227 omen
1294 2186 1391 2227 deus
1434 2186 1632 2238 Avertat,

104 2251 237 2292 aderit
286 2263 420 2304 sospes
465 2253 654 2293 actutum
705 2253 864 2305 parens'
913 2253 982 2304 (cf.
1014 2266 1137 2306 supra
1174 2267 1210 2306 p.
1243 2254 1326 2302 34).
1387 2252 1477 2306 Sed,
1524 2254 1633 2306 quod

104 2330 188 2359 rem
220 2317 396 2368 conficit,
437 2318 590 2360 femina
622 2319 696 2361 illa
727 2319 880 2361 incesto
912 2320 1115 2362 latebram
1148 2321 1309 2373 quaerit
1340 2333 1538 2373 peraeque
1568 2333 1634 2362 ar-

105 2385 349 2438 gumentata
379 2398 420 2427 se
450 2386 580 2438 patris
610 2386 834 2439 imaginem
870 2387 911 2427 in
942 2386 1027 2428 filio
1058 2400 1359 2440 recognoscere,
1406 2388 1530 2440 atque
1563 2387 1635 2429 Se-

105 2462 228 2492 necae
258 2450 445 2492 Phaedra
477 2464 514 2493 v.
546 2452 627 2493 646
656 2464 729 2505 sq.,
764 2465 867 2505 quae
897 2453 1003 2494 hanc
1033 2454 1281 2494 sententiam
1312 2454 1398 2495 fuse
1429 2454 1635 2506 explicans

242 2632 253 2650 ¹
281 2629 457 2665 Crederes
483 2631 658 2665 extremis
684 2631 740 2665 his
767 2631 889 2666 verbis
916 2632 1097 2666 lubricam
1112 2632 1355 2677 Euripideam
1380 2644 1526 2667 morum
1551 2632 1635 2668 doc-

107 2688 244 2723 trinam
283 2690 446 2733 captiose
482 2690 710 2725 ratiocinari.
764 2690 1016 2725 Consimiliter
1055 2691 1204 2734 quidem
1236 2691 1426 2736 Sophoclis
1460 2692 1636 2726 Deianira

107 2746 239 2781 Traoh.
266 2759 300 2782 v.
317 2748 386 2782 596
405 2760 474 2792 sq.:
502 2748 550 2786 ὠς
576 2745 693 2794 σκότῳ
717 2750 721 2793 Ι
744 2744 811 2783 κᾶν
837 2747 971 2794 αἰσχρὰ
998 2747 1178 2797 πράσσῃς,
1204 2746 1328 2784 οὔποτ’
1348 2746 1500 2797 αἰσχύνῃ
1520 2754 1636 2783 πεσεῖ.

107 2804 264 2841 Nasonis
299 2805 469 2841 Phaedra
511 2807 676 2842 affirmat
716 2808 862 2852 culpam
900 2808 978 2852 tegi
1011 2820 1129 2852 posse,
1160 2808 1247 2844 ‘nec
1279 2810 1384 2843 labor
1414 2813 1480 2853 est,
1518 2809 1636 2843 celare

107 2861 205 2899 licet'
236 2864 335 2909 (Her.
362 2865 422 2905 IV,
455 2867 520 2900 137
545 2868 624 2911 sq.).
