1912 3310
0 325 6 362 ξ
82 311 381 363 Callimachum
419 312 553 365 ipsum
593 313 628 355 ei
665 313 716 355 ad
750 326 895 355 manus
933 314 1058 356 fuisse
1095 315 1223 357 nolim
1253 316 1483 359 existimare
1513 330 1606 370 pro-

0 371 11 404 i
65 380 236 434 pterea,
274 378 382 432 quod
416 379 503 420 fuse
536 392 707 432 poenam
738 382 1031 422 commemorat
1051 382 1105 431 (v.
1129 382 1207 423 770
1228 383 1320 435 sq),
1352 395 1431 436 qua
1452 384 1608 437 Iupiter

80 446 372 499 Aesculapium
405 446 554 498 afficit3
600 448 747 488 tritum
791 448 874 489 iam
913 448 1006 489 inde
1044 449 1095 490 ab
1133 450 1315 503 antiquis
1354 451 1604 503 temporibus

82 513 381 564 ornamentum,
413 513 533 566 quale
557 513 770 556 Battiades
802 515 966 556 silentio
999 516 1218 568 praeterire
1249 517 1417 558 solebat.
1462 517 1604 570 Neque

0 590 24 634 ,ᾗ
81 579 291 637 probabile
323 580 383 621 est
415 580 591 633 Vergilii
622 582 984 623 commentatorem
1016 583 1147 635 ipsum
1172 582 1471 625 Callimachum
1493 596 1604 625 com-

81 647 239 700 pilasse.
300 646 360 688 At
390 647 586 688 Varronis
619 648 727 688 aetia
761 650 905 700 quater
935 649 1079 690 laudat
1125 649 1193 703 (cf.
1227 649 1424 691 Mercklin
1455 650 1602 692 Philol.
1641 696 1650 699 Α

0 703 18 732 5'
80 713 141 755 III
172 727 208 767 p.
235 714 316 755 272
346 713 445 767 sq.);
488 714 612 755 semel
647 714 705 755 sic
735 715 856 767 (Aen.
885 715 916 769 Ι,
947 717 1065 767 408);
1109 713 1247 757 ‘cuius
1286 717 1342 758 rei
1380 713 1428 756 τὸ
1465 712 1603 756 αἴσιον

80 782 107 822 1.
140 794 172 822 0.
205 794 371 823 causam
402 781 533 823 Varro
580 780 878 822 Callimachum
927 784 1089 824 secutus
1132 784 1342 836 exposuit'.
1401 784 1450 824 In
1494 796 1602 825 com-

81 848 282 890 mentario
313 848 451 889 autem
484 847 534 889 ad
569 848 755 888 nostrum
787 848 921 889 locum
944 849 1245 890 Varronianam
1269 850 1497 891 doctrinam
1521 851 1604 892 for-

80 916 188 958 tasse
204 914 312 968 sapit
331 915 464 956 Virbii
486 914 662 956 nominis
694 928 716 956 a
739 910 749 925 ‘
764 915 823 955 bis
846 909 927 956 vir'
950 915 1148 957 derivatio
1171 917 1294 969 atque
1314 916 1436 958 etiam
1459 917 1603 970 magis,

81 983 189 1036 quod
219 983 388 1024 Virbius
420 995 567 1024 numen
600 983 863 1027 coniunctum
899 983 1055 1024 Dianae
1084 984 1253 1024 vocatur
1285 983 1408 1035 (idem
1432 984 1482 1024 ad
1505 987 1602 1025 Aen.

81 1050 152 1101 VI,
186 1049 273 1104 14);
320 1064 415 1092 nam
447 1050 644 1092 Varronis
668 1050 906 1091 testimonia
938 1051 986 1091 de
1020 1050 1186 1091 deorum
1228 1050 1442 1103 generibus
1474 1051 1512 1091 et
1542 1051 1605 1091 in-

82 1117 174 1159 dole
205 1117 369 1159 Servius
400 1130 480 1159 non
511 1117 634 1158 semel
661 1118 825 1159 tantum
849 1118 1152 1158 commentariis
1173 1118 1344 1158 inseruit
1367 1118 1434 1167 (cf.
1454 1117 1604 1158 Merkel

80 1186 188 1228 Prol.
210 1199 247 1239 p.
266 1184 523 1239 CLXXXV).
573 1185 693 1238 Apud
714 1185 907 1227 Ovidium
940 1198 1032 1226 voro
1059 1185 1310 1238 Hippolytus
1341 1184 1388 1225 de
1418 1197 1458 1225 se
1490 1196 1605 1236 prae-

79 1253 192 1295 dicat
223 1253 322 1295 Met.
354 1253 446 1306 XV,
478 1254 558 1294 545
591 1265 678 1306 sq.:

279 1321 355 1362 hoc
385 1333 526 1362 nemus
557 1320 651 1362 inde
681 1321 782 1370 c010,
817 1321 865 1362 de
895 1321 1038 1374 disque
1069 1321 1294 1362 minoribus
1326 1332 1429 1361 unus

11 1423 14 1426 ,
278 1388 446 1429 numine
475 1387 551 1430 sub
578 1388 768 1429 dominae
798 1388 905 1429 lateo
937 1389 1060 1440 atque
1088 1399 1300 1428 accenseor
1329 1386 1403 1426 illi.

11 1467 14 1470 '
80 1455 196 1497 Unde
231 1468 403 1509 pronum
443 1455 504 1496 est
543 1455 736 1508 colligere
784 1454 930 1496 Ovidio
976 1455 1135 1507 praeter
1167 1453 1466 1495 Callimachum
1498 1452 1604 1493 Var-

81 1535 218 1564 ronem
252 1523 294 1564 in
326 1524 516 1576 promptu
545 1522 679 1564 fuisse.
725 1522 934 1563 Nimirum
966 1521 1071 1562 idem
1109 1520 1406 1573 antiquitatum
1442 1518 1604 1572 peritis-

79 1591 206 1632 simus
248 1590 423 1643 scriptor
464 1590 647 1632 subsidia
687 1602 904 1644 suggerere
941 1590 1074 1641 potuit
1106 1588 1225 1630 alteri
1258 1588 1473 1629 Fastorum
1513 1587 1602 1628 loco

79 1657 172 1707 (III,
203 1658 283 1699 261
306 1658 382 1710 sq.)
415 1657 658 1708 exornando,
692 1669 771 1710 quo
803 1657 922 1709 poeta
949 1656 988 1696 in
1024 1655 1141 1697 vallis
1164 1655 1356 1696 Aricinae
1385 1655 1511 1696 sacris
1540 1654 1603 1694 in-

79 1724 238 1766 stitutis
268 1724 528 1766 illustrandis
560 1724 818 1766 immoratur.

210 1793 300 1834 Iam
332 1805 424 1834 vero
457 1805 652 1846 quaerere
689 1793 860 1846 oportet,
908 1805 1004 1832 num
1043 1791 1081 1831 in
1124 1790 1216 1831 aliis
1248 1788 1399 1831 fabulis
1431 1787 1601 1839 lateant,

79 1872 184 1913 quae
213 1859 264 1901 ad
303 1860 466 1901 nostrae
501 1859 705 1912 exemplar
743 1860 794 1900 ab
825 1858 1018 1911 Euripide
1055 1857 1308 1910 propositum
1348 1853 1600 1895 conformata

77 1926 174 1967 sint.
233 1927 282 1968 In
314 1939 394 1980 qua
425 1927 662 1980 quaestione
685 1926 856 1968 Ovidius
881 1925 1249 1967 Alexamglrinorum
1279 1922 1433 1964 assecla
1462 1933 1601 1962 rursus

78 1994 289 2047 aptissime
329 1994 439 2036 viam
484 1994 717 2047 patefaciet,
764 2007 844 2047 qua
880 1994 968 2034 tute
1001 1992 1051 2034 ad
1084 2003 1233 2044 paucas
1267 1990 1393 2042 ipsius
1429 1988 1602 2028 Alexan-

1 2066 23 2102 ’ἴ
78 2061 219 2103 drinae
249 2061 378 2114 poesis
408 2062 604 2115 reliquias
637 2061 826 2115 progredi
858 2060 1072 2113 possimus.
1131 2058 1239 2099 Nam
1273 2055 1467 2110 Byblidos
1490 2054 1602 2107 Myr-

77 2128 256 2182 rhaeque
286 2129 437 2171 fabulis
468 2142 490 2170 a
521 2129 640 2182 poeta
664 2128 849 2169 Romano
881 2128 968 2168 fuse
998 2125 1189 2167 tractatis
1211 2123 1429 2165 manifesta
1450 2120 1601 2161 indicia

12 2187 15 2199 ⁵
77 2195 206 2237 inesse
251 2196 464 2247 contendo,
511 2208 615 2249 quae
659 2195 900 2237 memoriam
946 2192 1188 2245 Euripideae
1233 2191 1387 2242 Musae,
1438 2188 1600 2241 qualem

3 2271 13 2282 ’“
79 2261 348 2304 Alexandrini
391 2263 433 2304 in
478 2262 636 2304 deliciis
679 2261 912 2314 habuerint,
958 2260 1073 2301 nobis
1116 2258 1300 2300 afferant.
1374 2256 1434 2296 Ea
1472 2253 1602 2307 igitur

6 2329 23 2382 ,ἑ
77 2329 272 2372 subtilius
316 2330 616 2381 consectemur,
674 2342 779 2382 quae
824 2328 1049 2369 Ovidianae
1095 2324 1290 2379 Byblidos
1339 2319 1601 2373 descriptioni

3 2406 29 2455 ᾗ
78 2396 196 2448 (Μο1.
227 2397 299 2448 ΙΧ,
329 2398 410 2439 447
442 2396 521 2451 sq.)
560 2410 653 2439 cum
691 2396 880 2438 Phaedra
912 2395 1097 2444 Senecae,
1145 2405 1264 2446 quem
1302 2390 1601 2444 quadamtenus

79 2462 123 2504 in
153 2464 361 2518 Euripidis
391 2465 528 2507 locum
559 2464 771 2506 succedere
798 2475 912 2516 posse
933 2460 1115 2515 probavi,
1146 2460 1210 2501 vel
1242 2471 1334 2500 cum
1363 2456 1460 2509 ipsis
1482 2454 1602 2495 Euri-

14 2554 25 2587 1
77 2530 184 2583 pidis
214 2530 366 2573 fabulis
397 2532 656 2574 conveniant.

10 2635 29 2648 „
211 2597 368 2640 Narrat
398 2599 581 2650 Ovidius,
630 2598 831 2652 quomodo
864 2596 1005 2650 Byblis
1035 2595 1183 2636 intima
1216 2605 1308 2634 cum
1341 2590 1480 2633 Cauno
1512 2601 1602 2630 ver-

3 2655 37 2707 f‘
79 2664 197 2706 sandi
238 2666 532 2707 consuetudine
567 2665 790 2719 patefaciat
828 2665 1014 2705 aestuare
1044 2675 1083 2703 se
1114 2661 1225 2702 intus
1256 2672 1294 2700 v.
1314 2658 1397 2699 466
1418 2669 1497 2710 sq.:

211 2732 294 2774 iam
324 2732 537 2774 dominum
569 2732 762 2786 appellat,
797 2731 880 2772 iam
912 2729 1077 2771 nomina
1109 2726 1321 2780 sanguinis
1353 2724 1452 2778 odit,

9 2833 22 2851 „
212 2799 390 2853 Byblida
420 2800 503 2842 iam
535 2800 696 2841 mavult
724 2811 847 2851 quam
878 2809 919 2839 se
949 2797 1066 2837 vocet
1094 2795 1163 2836 ille
1194 2805 1373 2835 sororem

81 2865 200 2918 (111-ἵν.
217 2866 328 2917 531).
363 2867 514 2908 Eodem
537 2878 656 2908 sensu
675 2864 861 2906 Phaedra
882 2863 1073 2905 abhorret
1095 2875 1118 2904 a
1139 2860 1258 2902 fatali
1280 2858 1424 2900 matris
1440 2856 1601 2898 nomine

0 1316 12 1365 *tw*
0 1294 1 1297 Α
0 939 21 1278 ‘Pw4nfim'7rssfffl'f3
0 879 7 913 ““’
0 834 14 850 l
