1912 3310
984 227 1031 263 84

246 341 343 395 quia
372 341 444 383 alii
475 353 611 383 rosam
631 355 676 383 ex
696 341 897 384 Adonidis
929 354 1071 383 cruore
1103 340 1356 394 germinasse
1386 340 1615 383 referebant
1633 343 1657 382 ¹.
1698 340 1774 382 At-

247 421 324 461 que
355 408 463 461 quod
486 408 687 450 Antonini
718 409 925 450 auctorem
957 408 1023 449 hic
1053 407 1140 449 illic
1171 408 1221 449 ab
1252 407 1345 448 aliis
1377 406 1587 449 deflectere
1619 420 1771 461 cogno-

246 476 392 526 vimus,
438 476 523 517 tam
563 475 747 528 impensa
787 475 975 516 variandi
1008 474 1148 527 libido,
1189 473 1223 514 si
1263 473 1360 526 quid
1400 473 1529 525 video,
1574 473 1775 516 Nicandri

245 543 410 596 ingenio
441 542 670 596 respondet,
708 542 805 582 licet
836 541 1057 583 Schneider
1088 541 1194 582 hanc
1226 541 1507 593 quaestionem
1539 540 1774 594 neglexerit.

247 610 325 652 Sed
362 622 502 651 verum
543 610 603 650 est
648 609 906 650 coniecturae
943 609 1107 650 nostrae
1146 608 1264 649 fidem
1304 608 1354 649 ab
1394 608 1534 661 aliqua
1573 608 1688 660 parte
1730 619 1775 648 eo

247 677 412 727 elevari,
458 676 578 729 quod,
623 676 668 716 ut
698 675 769 716 ille
809 674 1105 716 animadvertit
1143 675 1196 728 (p.
1230 674 1314 728 69),
1362 674 1561 716 Antonini
1601 674 1776 727 epitome

246 744 420 785 mortem
453 742 654 784 Adonidis
686 742 852 794 eiusque
889 742 932 782 in
963 754 1189 783 anemonen
1226 754 1467 783 conversum
1506 753 1690 782 cruorem
1727 753 1776 782 ne

247 811 369 853 verbo
415 810 578 864 quidem
623 809 799 862 tangit2.
841 832 895 838 —
939 809 1087 850 Restat
1118 809 1355 850 Theodorus
1392 809 1774 862 Metamorphoseon

246 878 402 928 auctor,
449 876 519 930 qui
560 876 757 918 laudatur
799 889 822 918 a
863 875 1088 917 Plutarcho
1134 877 1175 916 in
1221 876 1438 917 Parallelis
1482 876 1647 929 eiusque.
1692 875 1776 928 epi-

244 945 448 987 tomatore
479 944 667 994 Stobaeo,
707 944 893 994 testibus,
931 943 1103 996 inquies,
1152 943 1271 985 valde
1310 942 1584 996 suspiciosis-⁹³.
1645 941 1776 995 Atqui

247 1011 505 1053 Theodorum
557 1010 761 1063 quendam
810 1011 893 1052 tale
943 1022 1044 1062 opus
1088 1009 1361 1063 composuisse
1405 1009 1554 1051 diserte
1598 1009 1777 1051 testatur

245 1078 404 1119 Probus
442 1077 630 1119 indicans
662 1077 855 1119 Ovidium
895 1076 936 1117 in
979 1077 1109 1118 altera
1148 1077 1287 1118 fabula
1327 1076 1375 1118 de
1407 1077 1589 1131 Alcyone
1620 1076 1776 1118 Nican-

245 1145 377 1196 drum,
409 1145 451 1185 in
473 1145 604 1186 altera
627 1144 885 1186 Theodorum
917 1145 1100 1186 secutum
1134 1146 1256 1185 esset
1297 1144 1444 1197 Itaque
1472 1144 1505 1185 si
1526 1143 1775 1185 Plutarchus

246 1212 413 1254 maioris
445 1211 539 1253 fidei
570 1212 714 1254 auctor
744 1212 860 1261 esset,
908 1211 1167 1253 Theodorum
1199 1212 1360 1265 praeter
1391 1212 1544 1254 ceteros
1575 1212 1774 1261 auctores,

245 1280 352 1321 inter
398 1291 498 1333 quos
537 1279 747 1321 Nicandro
793 1279 966 1321 fortasse
1009 1280 1263 1333 principatus
1306 1279 1477 1330 dandus,
1522 1279 1679 1320 Nasoni
1724 1278 1776 1320 ad

245 1361 413 1390 manum
444 1348 569 1389 fuisse
599 1347 798 1400 suspicari
830 1347 976 1388 merito
1010 1346 1142 1397 licuit,
1188 1359 1281 1388 cum
1313 1347 1397 1388 eius
1429 1346 1612 1388 narratio
1643 1346 1685 1387 in
1715 1359 1775 1388 re-

241 1526 244 1529 .
383 1496 393 1515 ¹
422 1495 474 1530 Cf.
502 1494 607 1529 Bion.
636 1495 663 1535 I,
691 1495 754 1529 66:
786 1491 878 1540 αἷμα
906 1490 1020 1540 ῥόδον
1045 1496 1164 1538 τίκτει,
1189 1492 1231 1528 ἰὰ
1259 1494 1298 1528 δὲ
1329 1491 1466 1537 δάκρυα
1492 1489 1775 1540 τὰνᾶνεμώναν.

245 1552 464 1588 Philostrat.
491 1565 545 1598 ep.
576 1555 592 1586 1
622 1565 656 1598 p.
685 1555 752 1587 343
780 1553 824 1587 K.
874 1553 1028 1597 Procop.
1056 1552 1165 1598 Soph.
1194 1565 1250 1597 ep.
1277 1553 1365 1587 VIII
1392 1565 1426 1597 p.
1455 1553 1522 1587 535
1549 1552 1594 1587 H.

384 1613 396 1632 ²
424 1612 690 1647 Callimachum
706 1612 836 1646 Ovidio
851 1612 1033 1646 Adonidis
1053 1612 1218 1647 fabulam
1235 1613 1401 1647 cantanti
1416 1613 1454 1646 in
1467 1615 1644 1657 promptu
1663 1610 1775 1645 fuisse

246 1670 389 1705 incerta
417 1674 471 1705 est
496 1671 655 1706 Rauchii
684 1671 896 1706 coniectura
924 1672 961 1713 (l.
990 1672 1011 1705 1.
1040 1684 1073 1716 p.
1103 1672 1171 1715 73).

382 1731 395 1750 3
421 1730 644 1765 Historiolas
670 1731 866 1774 parallelas
884 1730 1073 1765 Romanas
1101 1731 1146 1765 ab
1173 1731 1251 1775 ipso
1272 1731 1474 1765 Plutarcho
1503 1731 1550 1765 ad
1569 1729 1776 1773 exemplum

246 1792 420 1823 notarum
447 1790 582 1834 prioris
612 1789 752 1824 ordinis
779 1789 991 1824 fabularum
1018 1789 1193 1824 confictas
1220 1802 1297 1825 esse
1316 1791 1427 1835 vulgo
1447 1789 1685 1825 contendunt.
1728 1789 1778 1822 At

246 1847 283 1881 in
310 1850 437 1881 nostra
463 1847 686 1891 mirandum,
722 1847 819 1882 unde
846 1847 1021 1882 falsarius
1049 1848 1234 1892 peculiare
1262 1847 1574 1882 additamentum:
1614 1849 1779 1884 οἰνωθεὶς

245 1905 263 1940 ὁ
292 1905 408 1951 πατὴρ
435 1902 502 1954 ᾔτει
532 1906 610 1952 φῶς
636 1908 707 1939 κτλ.
736 1904 925 1951 conflarit,⁸
952 1907 1023 1940 nisi
1050 1918 1094 1941 ex
1120 1907 1266 1941 diverso
1292 1909 1453 1949 auctore,
1494 1906 1523 1940 si
1553 1905 1776 1950 memineris,

247 1976 340 2008 quae
367 1976 478 2009 supra
504 1964 549 1998 de
575 1964 766 1999 ebrietatis
785 1964 962 2010 figmento
983 1965 1224 2009 explanarim.
1278 1965 1450 2000 Ceterum
1478 1965 1577 2009 quod
1604 1964 1779 1999 laudatur

246 2024 283 2058 in
310 2023 382 2058 fine
408 2023 603 2066 Aristides,
637 2023 758 2057 nescio
787 2034 833 2057 an
865 2024 942 2058 eius
969 2024 1169 2058 auctoritas
1206 2024 1292 2058 huic
1319 2023 1467 2058 fabulae
1494 2023 1685 2068 aptissima
1712 2024 1778 2068 sit3

246 2095 330 2117 nam
364 2083 497 2117 Ovidio
537 2084 687 2116 auctore
717 2081 840 2123 (Trist.
868 2082 913 2121 ΙΙ,
941 2084 1024 2125 413)
1063 2081 1205 2116 ‘iunxit
1231 2083 1414 2117 Aristides
1442 2082 1588 2116 Milesia
1622 2082 1778 2116 crimina

246 2140 401 2176 sexum'.
453 2141 592 2186 Opinor
624 2140 740 2186 igitur
774 2141 812 2174 in
844 2141 909 2175 illa
941 2141 1133 2176 Plutarchi
1169 2141 1358 2186 farragine
1392 2153 1465 2176 non
1497 2142 1620 2176 omnia
1654 2141 1777 2175 subdi-

246 2200 335 2234 ticia
361 2211 449 2234 esse.

382 2261 395 2280 4
421 2259 481 2293 Ad
495 2259 604 2304 Verg.
633 2259 766 2304 Georg.
793 2259 821 2302 1,
855 2259 923 2293 399
948 2271 982 2304 p.
1010 2260 1055 2293 44
1081 2260 1126 2293 K.
1176 2259 1376 2294 Schneider
1400 2259 1479 2294 Nic.
1506 2259 1577 2305 frg.
1595 2260 1640 2293 64
1666 2271 1700 2304 p.
1715 2259 1778 2303 683

247 2317 292 2352 cf.
319 2318 473 2352 Knaack
499 2319 520 2353 1.
548 2318 569 2352 l.
597 2330 631 2362 p.
660 2319 714 2352 54.
755 2338 798 2342 —
839 2317 986 2352 Servius
1019 2319 1066 2352 ad
1098 2319 1254 2353 eundem
1280 2319 1436 2364 Vergilii
1470 2319 1589 2353 locum
1622 2318 1779 2353 alteram

247 2376 413 2411 fabulam
439 2377 483 2412 de
513 2377 626 2421 Ceyce
652 2376 815 2412 Luciferi
849 2376 926 2411 filio
958 2378 1108 2422 eiusque
1142 2389 1257 2412 uxore
1290 2374 1477 2422 propdnit,
1519 2389 1629 2422 quam
1655 2377 1702 2411 ad
1728 2377 1777 2411 al-

246 2436 369 2468 terum
396 2438 521 2470 utrum
545 2439 734 2470 auctorem
750 2449 894 2471 —nam
921 2437 966 2471 de
992 2437 1121 2471 ordine
1147 2437 1351 2482 ambigitur
1377 2437 1433 2481 (cf,
1455 2437 1622 2472 Schneid.
1642 2436 1779 2480 1.1.)-

247 2504 383 2538 magna
409 2506 491 2529 cum
517 2496 783 2539 probabilitate
807 2496 1008 2531 revocabis.
1058 2497 1188 2531 Paullo
1216 2497 1399 2542 copiosior
1425 2496 1544 2532 Servii
1562 2496 1606 2530 de
1625 2494 1778 2539 Myrrha

246 2554 413 2587 narratio
439 2554 563 2600 (Verg.
586 2555 672 2591 Buc.
691 2556 737 2600 X,
758 2556 829 2601 18),
857 2568 938 2591 cum
967 2568 1039 2600 qua
1065 2556 1285 2591 Ovidianam
1313 2557 1545 2601 aliquatenus
1572 2554 1779 2590 consentire

249 2612 412 2656 exposui,
441 2615 636 2657 quominus
654 2615 840 2650 Nicandro
860 2615 1081 2659 vindicetur,
1109 2616 1373 2660 obstatrelata
1400 2617 1438 2650 in
1461 2627 1582 2650 rosam
1597 2612 1778 2648 Adonidis

249 2672 501 2706 commutatio.
552 2673 679 2717 Neque
712 2675 882 2718 equidem
908 2674 1092 2708 Theodori
1132 2676 1394 2710 auctoritatem
1427 2675 1607 2719 spondere
1648 2672 1778 2712 audeo,

248 2729 335 2773 quia
362 2729 540 2765 Stobaeus
566 2733 728 2775 puellam
754 2733 792 2766 in
821 2733 909 2778 fuga
935 2733 1160 2777 deprehendi
1189 2734 1322 2777 refert;
1352 2735 1396 2768 de
1423 2746 1495 2778 qua
1526 2745 1566 2767 re
1593 2732 1630 2766 in
1658 2730 1776 2765 Servii

249 2789 513 2823 commentario
546 2790 639 2824 nihil
672 2791 820 2836 legitur.
860 2811 905 2816 —
944 2792 1098 2826 Knaack
1128 2795 1251 2827 autem
1278 2793 1349 2826 sibi
1376 2792 1560 2837 persuasit
1585 2803 1651 2836 per
1681 2802 1777 2825 com-

249 2848 473 2881 mentarium
493 2847 710 2883 Servianum
739 2850 943 2894 dispersam
972 2861 1049 2885 esse
1075 2851 1447 2896 transfigurationum
1474 2851 1729 2886 collectionem
1757 2860 1778 2883 a

250 2905 331 2940 viro
358 2906 467 2941 docto
496 2907 634 2942 Graeco
661 2908 866 2943 confectam
893 2909 931 2953 (l.
960 2909 984 2942 1.
1010 2921 1045 2953 p.
1073 2911 1094 2943 8
1119 2909 1191 2954 (10)
1219 2910 1264 2944 cf.
1291 2922 1325 2954 p.
1354 2910 1424 2955 41).
1670 2905 1673 2909 s
