1912 3310
848 197 889 230 91

41 305 51 311 χ
109 313 384 355 coniecturam
415 312 464 354 de
493 311 716 354 Parthenio
748 307 990 361 exemplaris
1019 309 1186 349 auctore
1221 307 1400 360 proxime
1438 307 1488 349 ad
1527 306 1633 348 veri-

108 381 238 423 tatem
267 379 466 422 accedere.
525 379 638 431 Quae
676 376 881 419 conclusio
920 376 1009 416 tum
1050 374 1187 416 forsan
1226 375 1414 415 omnibus
1455 374 1634 416 numeris

108 447 297 489 absoluta
328 447 444 495 esset,
491 446 524 487 si
555 446 603 487 de
633 445 790 486 duabus
823 443 905 484 illis
936 442 1055 483 rebus
1087 441 1253 482 aliunde
1284 454 1362 481 non
1404 442 1634 489 constaret3

109 513 217 567 quod
247 514 369 567 longe
400 524 513 554 secus
544 525 585 554 se
612 511 747 553 habet.
807 510 916 551 Nam
947 508 1278 550 testimoniorum
1311 520 1498 549 recensus
1528 508 1633 548 hanc

107 580 272 622 fabulae
303 580 480 621 formam
511 579 631 620 docet
670 577 778 619 haud
815 588 1022 629 quaquam
1060 575 1313 629 singularem
1356 574 1491 615 fuisse.
1552 575 1634 614 Ac-

109 648 259 689 cedunt
295 647 398 696 alia3
443 645 690 688 Parthenius
728 644 889 685 narrat:
940 641 1094 691 Μίνως
1129 666 1180 671 —
1211 637 1464 698 ἐνενοήσατο
1503 636 1567 682 ὅτι
1607 639 1632 695 ἦ

107 711 184 755 τὸν
222 713 390 766 πατέρα
427 712 653 766 προδοῦσα
692 704 868 759 οὐδενος
911 705 961 749 ἷῖν
1003 708 1162 765 ῥᾳδίως
1198 707 1405 763 meldone,
1450 707 1520 748 καὶ
1565 704 1634 748 διὰ

107 782 242 823 τοῦτο
261 776 507 835 προςδήσας
537 777 742 833 πηδαλίῳ·
764 774 865 832 νηός
893 773 968 833 τὴν
1001 772 1212 829 προδότιν
1238 774 1306 816 καὶ
1337 770 1634 831 πατροφόνων

107 843 246 905 ἀφῆκε
283 843 496 903 σύρεσθαι
533 844 604 888 διὰ
642 840 865 899 θαλάσσης
902 843 987 885 κτλ.
1010 846 1033 884 ¹.
1094 843 1182 895 Quo
1223 843 1311 884 loco
1356 843 1397 883 in
1439 842 1636 883 tenuioris

108 914 342 969 argumenti
378 914 722 967 complementum
765 912 1006 954 arcessitum
1048 923 1132 953 esse
1176 910 1340 952 videtur
1381 922 1632 962 responsum,

108 983 229 1037 quale
260 981 407 1042 Oyidio
450 984 617 1023 auctore
650 980 783 1022 Minos
816 979 976 1033 Scyllae
1011 990 1260 1032 purpureum
1307 977 1457 1019 crinem
1505 977 1636 1030 porri-

107 1049 223 1104 genti
249 1049 320 1091 dat
351 1049 449 1091 Met.
482 1048 598 1099 VIII,
631 1048 683 1089 97
714 1060 792 1101 sq.:

305 1144 360 1185 Di
390 1145 431 1185 te
462 1142 762 1195 summoveant,
793 1155 815 1183 o
848 1141 978 1183 nostri
1009 1141 1182 1182 infamia
1214 1140 1350 1191 saecli,

304 1211 400 1253 orbe
429 1223 520 1259 suo;
551 1210 754 1263 tellusque
785 1208 861 1249 tibi
894 1208 1125 1261 pontusque
1156 1208 1340 1261 negetur.

306 1277 424 1319 Certe
454 1289 528 1331 ego
563 1289 641 1318 non
673 1276 810 1328 patiar
842 1275 951 1316 Iovis
982 1275 1244 1325 incunabula,
1282 1274 1443 1325 Creten,

305 1345 376 1399 qui
405 1356 519 1386 meus
550 1344 611 1385 est
639 1343 759 1394 orbis,
792 1343 956 1384 tantum
990 1343 1227 1395 contingere
1258 1343 1500 1383 monstrum.

109 1441 299 1495 Hyginus
343 1441 480 1483 autem
528 1439 660 1480 simile
706 1451 943 1492 responsum
983 1437 1191 1491 significat
1230 1438 1255 1479 f.
1291 1438 1385 1479 198:
1430 1436 1523 1479 ‘ille
1561 1437 1633 1489 (sc.

107 1508 257 1560 Minos)
289 1507 459 1561 negavit
481 1506 626 1548 Creten
657 1506 962 1548 sanctissimam
993 1507 1158 1547 tantum
1188 1506 1318 1547 scelus
1346 1502 1633 1558 recepturam'.

106 1575 277 1630 Legitur
307 1575 468 1629 praeter
497 1575 597 1616 haec
624 1574 665 1615 in
698 1573 862 1615 scholiis
894 1573 944 1616 ad
977 1573 1222 1627 Dionysium
1252 1573 1279 1614 l.
1307 1573 1355 1615 l.:
1396 1574 1471 1629 τῆς
1494 1571 1631 1613 Νίσου

105 1638 323 1698 θυγατρὸς
344 1635 650 1696 ἅποτεμούσης
671 1642 747 1696 τῆς
763 1640 952 1696 κεφαλῆς
968 1642 1045 1681 τοῦ
1065 1636 1231 1693 πατρὸς
1260 1637 1349 1680 τον
1374 1635 1634 1693 μόρσιμον

105 1709 392 1762 πλόκαμον,
424 1709 531 1762 quod
551 1709 721 1751 Ovidius
739 1721 863 1762 paene
880 1708 930 1750 ad
954 1709 1121 1749 verbum
1138 1708 1332 1761 expressit
1348 1708 1373 1749 l.
1394 1707 1418 1749 1.
1442 1721 1478 1749 v.
1493 1708 1544 1749 85
1554 1720 1634 1761 sq.:

103 1776 275 1819 ‘fatali
305 1777 403 1818 nata
424 1778 632 1830 parentem
665 1776 812 1818 Crine
842 1789 961 1817 suum
991 1775 1175 1828 spoliat&
1208 1775 1400 1829 Hyginus
1421 1775 1481 1816 ita
1503 1775 1634 1827 (l.l.):

102 1843 339 1886 ‘fatalem
381 1844 573 1885 crinem
620 1843 881 1896 praecidit³2.
941 1843 1122 1894 Quorum
1156 1843 1340 1884 omnium
1370 1842 1411 1882 in
1447 1841 1531 1883 Ciri
1562 1855 1634 1883 nec

103 1912 198 1954 vola
219 1924 292 1953 nec
313 1910 535 1964 vestigium
557 1912 774 1963 apparet³;
810 1910 1001 1963 quocirca
1024 1923 1160 1951 meum
1192 1909 1389 1951 iudicium
1421 1922 1465 1951 eo
1496 1910 1634 1962 potius

242 2109 252 2128 ¹
280 2108 339 2144 Sic
364 2109 583 2144 Eustathius
610 2109 745 2153 tradit3
772 2109 810 2143 in
837 2109 983 2144 scholiis
1010 2108 1145 2143 similia
1171 2109 1356 2154 leguntur.

242 2169 254 2189 ²
279 2168 329 2202 M.
356 2168 534 2210 Schmidt,
563 2169 702 2214 Hygini
740 2169 872 2212 editor,
912 2169 1067 2202 lectores
1095 2169 1168 2202 iam
1208 2168 1255 2202 ad
1283 2167 1454 2202 Ovidium
1492 2166 1635 2202 remisit

105 2228 154 2273 (p.
182 2228 275 2271 126).
301 2248 344 2252 -
373 2227 461 2263 Loci
488 2231 611 2263 autem
639 2228 743 2263 allati
770 2231 812 2262 ut
839 2231 1009 2262 tueamur
1031 2227 1187 2261 suadent
1213 2227 1312 2272 apud
1331 2226 1504 2261 Ovidium
1530 2238 1563 2260 v.
1589 2227 1633 2259 85

105 2287 242 2322 codicis
266 2287 509 2322 Laurentiani
536 2287 759 2331 scripturam
784 2284 923 2321 ‘fatali‘
952 2298 1020 2330 pro
1046 2282 1199 2330 ‘vitali’,
1228 2286 1326 2330 quod
1344 2286 1448 2320 Korn
1473 2297 1547 2319 non
1573 2285 1633 2319 de-

104 2345 186 2380 buit
212 2346 251 2380 in
274 2348 418 2380 textum
444 2346 619 2390 recipere.
672 2345 843 2380 Ceterum
870 2345 968 2390 apud
994 2345 1183 2390 Hyginum
1209 2356 1354 2389 quoque
1379 2344 1502 2388 puella
1531 2355 1568 2378 se
1596 2343 1634 2376 in

105 2416 206 2440 mare
230 2405 471 2450 praecipitat3
500 2417 544 2440 ex
571 2406 704 2450 quibus
735 2406 905 2440 omnibus
934 2405 1107 2449 opinetur
1134 2405 1267 2449 aliquis
1294 2405 1480 2450 Hyginum
1499 2402 1633 2437 Ovidio

105 2475 209 2498 usum
236 2475 324 2508 esse,
351 2465 450 2508 quod
476 2464 514 2498 in
543 2464 671 2499 Glauci
698 2464 826 2499 fabula
845 2464 944 2509 (199)
964 2464 1150 2498 Rohdium
1177 2464 1398 2498 contendere
1425 2462 1533 2496 video
1553 2462 1591 2504 (l.
1610 2462 1633 2495 l.

103 2534 139 2567 p.
169 2524 246 2557 124.
274 2524 322 2567 2).
372 2522 556 2567 Equidem
588 2523 626 2557 in
656 2524 811 2558 alteram
847 2526 972 2558 utram
1001 2526 1145 2567 partem
1175 2523 1365 2567 disputare
1396 2521 1493 2562 nolo,
1531 2523 1633 2554 ante-

105 2593 217 2625 quam
255 2584 474 2626 argumenta
511 2582 697 2616 cumulata
736 2582 874 2616 videro.
925 2582 967 2615 In
1000 2585 1127 2616 nostra
1156 2585 1280 2616 autem
1312 2581 1438 2615 fabula
1464 2579 1633 2624 Hyginus

104 2640 151 2674 ab
171 2639 301 2674 Ovidio
328 2640 366 2673 in
390 2640 445 2674 his
473 2641 624 2677 recedit.
653 2640 751 2684 quod
776 2641 918 2675 oraculi
942 2652 1159 2685 responsum
1185 2640 1263 2675 fuse
1283 2643 1488 2683 enarratur,
1514 2639 1634 2683 Scylla

105 2698 258 2733 Veneris
285 2699 446 2743 impulsu
472 2703 583 2743 amat,
610 2700 768 2744 denique
796 2700 833 2734 in
857 2701 994 2744 piscem
1021 2700 1126 2734 cirim
1153 2700 1219 2734 illa
1245 2703 1422 2734 mutatur.

238 2758 252 2778 ³
279 2758 487 2803 Perpaucos
513 2758 606 2792 Ciris
639 2759 737 2792 locos
772 2770 854 2793 cum
881 2759 1015 2794 Ovidio
1042 2759 1234 2793 concinere
1266 2759 1447 2802 invenies;
1489 2758 1533 2793 cf.
1561 2758 1634 2792 Cir.

107 2816 174 2850 175
201 2819 238 2851 et
263 2815 328 2851 Ov.
355 2818 412 2861 20,
438 2817 509 2851 Cir.
537 2817 603 2851 107
631 2830 682 2861 sq.
711 2821 747 2852 et
780 2817 845 2852 Ov.
876 2819 918 2852 15
946 2830 1015 2862 sq,
1042 2818 1081 2852 in
1107 2817 1248 2862 Scyllae
1275 2821 1441 2853 extrema
1466 2817 1633 2852 oratione

106 2874 179 2910 Cir.
205 2875 274 2909 428
300 2878 337 2910 et
364 2874 429 2910 Ov.
459 2877 538 2920 109,
565 2876 637 2911 Cir.
666 2878 733 2910 418
761 2888 812 2921 sq.
841 2879 877 2912 et
902 2876 969 2912 Ov.
1001 2877 1077 2911 127.
