1912 3310
1011 199 1057 233 76

267 314 337 356 ille
362 314 465 356 alias
497 327 537 356 se
558 314 685 369 gessit
715 314 783 366 (cf.
816 314 894 369 frg.
930 314 1009 356 129
1040 314 1118 355 inc.
1150 313 1259 354 XLa
1290 311 1344 353 M.
1374 312 1446 361 IV,
1478 310 1564 365 48).
1609 310 1793 361 Accedit,

268 381 377 434 quod
415 381 696 434 fragmentum
728 383 779 423 63
816 382 942 435 auget
981 380 1250 434 suspicionem
1288 392 1380 420 eum
1410 379 1626 432 Hippolyti
1657 378 1795 419 Velati

266 448 366 490 bene
402 461 579 502 gnarum
616 449 752 499 fuisse,
800 449 846 489 ut
882 449 925 489 in
962 449 1096 501 priore
1133 446 1434 488 dissertationis
1474 447 1590 500 parte
1635 447 1689 498 (p.
1722 445 1792 496 27)

267 514 438 556 ostendi.
496 516 710 568 Euripides
741 516 878 557 autem
909 515 994 567 ipse
1035 508 1211 555 similem
1241 513 1444 554 rationem
1477 512 1686 554 concludit
1715 511 1794 565 frg.

267 581 346 622 inc.
378 582 480 623 912:

492 647 517 704 ἡ
546 644 676 703 φύσις
708 647 921 700 ἐβούλεθ’,
954 639 978 705 ᾗ
1008 643 1154 700 νόμιον
1185 641 1308 688 οὐδὲν
1335 646 1451 701 μέλει
1471 648 1495 688 ¹.

401 715 481 757 Sed
513 728 612 768 opus
643 716 702 757 est
732 715 900 757 tandem
931 715 1154 768 aliquando
1177 715 1422 768 argumenta
1444 714 1622 756 breviter
1644 713 1797 755 astrin-

268 795 383 836 gere;
424 795 520 823 nam
554 794 646 823 cum
678 795 722 823 ex
752 783 1088 824 ornamentorum
1119 782 1323 823 coloribus
1357 781 1601 834 fabulaeque
1632 782 1795 829 natura,

269 849 317 890 de
339 862 417 902 qua
439 862 482 890 re
502 849 609 891 infra
641 850 852 903 disseram,
885 849 1089 891 efficiatur
1113 849 1260 891 Ovidio
1284 848 1452 902 aliquod
1471 848 1794 890 Alexandrinum

269 917 474 969 exemplar
494 917 536 958 in
558 918 751 971 promptu
772 917 908 967 fuisse,
941 916 1048 970 quod
1074 917 1115 957 in
1134 916 1271 958 Helvii
1291 915 1444 957 Cinnae
1461 915 1637 969 Smyrna
1657 914 1797 956 eodem

268 983 356 1024 iure
385 984 554 1024 sumunt
584 983 650 1036 (cf.
683 985 822 1026 Rohde
852 985 878 1026 1.
908 985 933 1026 l.
966 997 1001 1037 p.
1036 985 1127 1026 101.
1162 985 1222 1038 r),
1265 984 1396 1025 oritur
1426 983 1578 1024 iterum
1610 983 1796 1036 quaestio

270 1050 452 1104 apprime
482 1051 634 1105 gravis,
667 1052 831 1094 cuinam
855 1051 1069 1105 Euripides
1093 1051 1246 1093 colores
1270 1051 1433 1092 mutuos
1464 1049 1640 1101 dederit3
1673 1062 1796 1103 quam

269 1132 430 1161 summa
461 1132 554 1161 cum
588 1119 719 1172 specie
750 1119 834 1160 veri
866 1118 1003 1160 eodem
1036 1118 1168 1169 modo,
1213 1129 1293 1171 quo
1330 1118 1371 1158 in
1404 1116 1601 1170 Byblidos
1642 1116 1797 1168 fabula,

269 1186 373 1227 solvi
390 1199 505 1239 posse
521 1186 621 1227 mihi
639 1187 811 1228 constat.
842 1186 950 1227 Nam
974 1185 1019 1226 ut
1050 1189 1208 1226 taceam
1239 1185 1287 1226 de
1318 1183 1590 1225 similitudine
1614 1183 1798 1225 colorum

271 1253 492 1295 admodum
524 1253 669 1304 diluta,
703 1253 774 1306 qui
804 1253 855 1294 ad
886 1253 1062 1306 priorem
1085 1252 1315 1294 Phaedram
1335 1251 1556 1293 revocandi
1580 1252 1688 1301 sunt,
1716 1263 1796 1292 non

271 1332 375 1374 nego
407 1319 494 1374 fieri
526 1321 717 1373 potuisse,
753 1321 799 1362 ut
821 1319 993 1362 Ovidius
1023 1319 1065 1359 in
1095 1318 1331 1361 adornando
1362 1318 1433 1359 illo
1467 1317 1670 1371 colloquio
1691 1317 1800 1358 inter

271 1387 473 1428 nutricem
508 1388 548 1428 et
590 1388 800 1429 alumnam
842 1387 1004 1441 tragico
1042 1386 1264 1439 exemplari
1307 1387 1510 1434 uteretur;
1559 1397 1797 1438 quanquam

269 1455 387 1507 poeta
418 1454 520 1496 alias
552 1467 632 1496 non
663 1454 819 1496 veritus
848 1455 908 1495 est
928 1455 1037 1495 totos
1061 1466 1199 1495 versus
1220 1453 1403 1507 integros
1433 1453 1645 1506 surripere,
1677 1452 1798 1506 quale

268 1521 427 1562 furtum
458 1523 597 1564 nostro
628 1522 715 1563 loco
740 1534 820 1563 non
843 1521 1171 1574 deprehenditur.
1207 1519 1284 1562 Sed
1306 1521 1352 1561 ut
1372 1520 1433 1561 vis
1456 1521 1561 1561 esto:
1585 1519 1684 1573 quin
1702 1519 1798 1560 Ale-

267 1589 459 1631 xandrini
481 1590 713 1643 praeierint,
745 1589 914 1630 dubium
938 1601 1021 1630 esse
1047 1588 1189 1642 nequit
1210 1587 1409 1628 Antonini
1430 1586 1632 1628 Liberalis
1659 1586 1798 1628 fabula

266 1655 445 1697 XXXIV
463 1657 514 1699 ad
536 1657 885 1710 comparationem
910 1656 1054 1697 vocata
1068 1657 1095 1697 2.
1144 1655 1220 1696 Ille
1243 1654 1350 1696 enim
1377 1654 1426 1696 de
1452 1653 1640 1708 Smyrna,
1673 1666 1797 1707 quam

267 1724 399 1774 vocat,
421 1724 520 1765 haec
539 1724 744 1776 perhibet:
775 1723 931 1777 ταύτην
950 1719 1021 1763 διὰ
1042 1721 1197 1771 κάλλος
1216 1720 1417 1762 πλεῖστοι
1448 1719 1519 1761 καὶ
1549 1719 1594 1761 ἐκ
1625 1716 1799 1761 πόλεων

266 1789 485 1831 πλείστων
506 1786 776 1845 ἐμνήστευον,
810 1789 833 1846 ἡ
863 1789 909 1831 δὲ
941 1785 1083 1830 πολλὰ
1114 1787 1351 1843 ἐμηχανᾶτο
1383 1784 1496 1841 πρὸς
1519 1781 1687 1842 ἀπάτην
1713 1788 1800 1827 τῶν

266 1856 426 1912 γονέων
456 1856 525 1898 καὶ
556 1851 769 1899 οἷνάθεσιν
798 1857 875 1898 τοῦ
907 1853 1080 1911 χρόνου·
1122 1853 1263 1906 δεινος
1292 1852 1369 1910 γὰρ
1401 1849 1537 1911 αὐτὴν
1569 1852 1681 1908 ἔρως
1712 1853 1799 1907 ἑξέ-

265 1940 395 1979 ,unveis
421 1924 493 1966 ἐπὶ
525 1927 585 1980 τῷ
617 1924 762 1979 πατρί.
802 1924 871 1966 καὶ
906 1920 1013 1965 κατὰ
1043 1923 1121 1977 μὲν
1152 1921 1283 1977 ἀρχὰς
1314 1922 1366 1964 δι’
1390 1919 1499 1965 cnido)
1532 1920 1798 1975 κατέκρυπτε-

266 1989 342 2049 τὴν
375 1989 515 2043 νόσον,
551 1990 651 2034 ἐπεὶ
682 1993 727 2034 δὲ
758 1990 806 2035 τὸ
841 1988 992 2042 πάθος
1019 1986 1153 2047 αὖτὴν
1176 1993 1376 2048 προῆγεν,
1409 1990 1555 2043 ἐξεῖπε
1576 1987 1652 2032 τὸν
1672 1986 1799 2044 λόγον

268 2057 383 2113 πρὸς
408 2056 667 2116 Ἱππολύτην
696 2058 772 2116 τὴν
803 2056 982 2117 τροφόν·
1016 2059 1039 2116 ἡ
1071 2059 1116 2101 δὲ
1147 2055 1424 2111 παραδώσειν
1447 2054 1554 2116 αἰτῇ
1582 2051 1687 2108 ἄκος
1716 2058 1797 2099 τοῦ

268 2125 517 2184 παραλόγου
547 2129 724 2179 πάθοι-ς
757 2125 1029 2183 ὖῖτοσχομένη
1062 2124 1190 2183 λόγον
1220 2125 1333 2181 πρὸς
1363 2126 1438 2169 τὸν
1462 2126 1646 2169 Θείαντα
1666 2141 1800 2180 προς-

268 2195 434 2252 ἑφερεν,
468 2193 534 2238 ὅτι
566 2197 652 2239 κτλ.
676 2222 728 2226 -
751 2198 808 2239 Ut
840 2198 1126 2251 cognoscatur,
1159 2196 1257 2250 quid
1289 2196 1331 2237 in
1366 2196 1441 2237 hac
1476 2194 1651 2248 epitome
1680 2207 1800 2247 para-

268 2266 437 2318 phrasta
460 2266 662 2316 reciderit,
695 2265 814 2319 aequi
847 2265 991 2307 iudicii
1023 2278 1151 2306 unum
1182 2265 1258 2306 hoc
1290 2263 1379 2313 erit,
1411 2264 1458 2303 ut
1488 2262 1540 2304 ad
1570 2262 1717 2304 similis
1737 2261 1800 2303 fa-

403 2468 414 2487 ¹
442 2467 501 2501 Ad
527 2470 733 2501 extremum
759 2466 889 2500 laudat
914 2465 1065 2509 Myrrha
1097 2469 1237 2511 gentes,
1272 2465 1310 2499 in
1344 2464 1477 2508 quibus
1513 2462 1619 2498 ‘nata
1652 2463 1800 2507 parenti

269 2524 451 2571 iungitur'
482 2538 513 2560 v.
532 2527 600 2560 332
625 2538 689 2570 sq.,
718 2526 816 2570 quod
842 2525 886 2560 de
912 2525 1103 2559 Chaldaeis
1131 2527 1167 2559 et
1185 2524 1393 2569 Magusaeis
1413 2522 1514 2557 Sotio
1533 2521 1656 2567 (Diog.
1675 2521 1799 2556 Laert.

269 2585 297 2629 Ι,
324 2585 359 2629 7)
388 2580 423 2619 et
450 2585 676 2619 Bardesanes
703 2584 996 2628 (Euseb.Praep.
1026 2583 1171 2622 Ev.V1‚
1202 2585 1244 2616 10
1270 2583 1289 2626 ξ
1311 2582 1372 2627 21)
1400 2582 1600 2615 memoriae
1624 2581 1798 2625 produnt.

271 2643 461 2689 Originem
485 2644 577 2677 talia
603 2644 736 2678 ducere
762 2645 965 2687 potuerunt
993 2655 1037 2677 ex
1064 2642 1241 2677 fabulosis
1269 2640 1473 2675 itinerariis
1500 2640 1560 2684 (cf.
1580 2640 1710 2674 Rohde
1735 2640 1757 2674 l.
1777 2641 1799 2674 1.

269 2714 305 2747 p.
333 2703 412 2736 240.
445 2704 496 2745 1.).

405 2762 416 2781 ²
443 2761 585 2795 Nomen
624 2761 785 2795 auctoris
820 2761 997 2805 descripti
1029 2760 1253 2805 epitomator
1292 2759 1398 2803 celat,
1439 2758 1538 2803 quod
1575 2769 1800 2803 magnopere

271 2820 375 2864 queri
401 2820 501 2854 libet.
548 2820 844 2854 Alexandrinum
877 2833 959 2855 eum
995 2832 1071 2855 esse
1103 2831 1209 2855 nemo
1237 2819 1408 2864 negabit,
1448 2819 1487 2852 in
1515 2830 1626 2862 quam
1653 2820 1796 2852 senten-

271 2879 363 2913 tiam
391 2891 477 2913 mox
503 2879 612 2924 plura
633 2879 880 2923 proferentur.
