<?xml version="1.0" encoding="UTF-8"?>
<!DOCTYPE html PUBLIC "-//W3C//DTD XHTML 1.0 Transitional//EN"
    "http://www.w3.org/TR/xhtml1/DTD/xhtml1-transitional.dtd">
<html xmlns="http://www.w3.org/1999/xhtml" xml:lang="en" lang="en">
 <head>
  <title>
</title>
<meta http-equiv="Content-Type" content="text/html;charset=utf-8" />
  <meta name='ocr-system' content='tesseract 3.04.00' />
  <meta name='ocr-capabilities' content='ocr_page ocr_carea ocr_par ocr_line ocrx_word'/>
</head>
<body>
  <div class='ocr_page' id='page_1' title='image "./dehippolytiseuri00kalkuoft_0043.png"; bbox 0 0 1912 3310; ppageno 0'>
   <div class='ocr_carea' id='block_1_1' title="bbox 822 182 867 215">
    <p class='ocr_par' dir='ltr' id='par_1_1' title="bbox 822 182 867 215">
     <span class='ocr_line' id='line_1_1' title="bbox 822 182 867 215; baseline 0 0"><span class='ocrx_word' id='word_1_1' title='bbox 822 182 867 215; x_wconf 88' lang='lat'>39</span> 
     </span>
    </p>
   </div>
   <div class='ocr_carea' id='block_1_2' title="bbox 36 288 1606 2547">
    <p class='ocr_par' dir='ltr' id='par_1_2' title="bbox 36 288 1606 2547">
     <span class='ocr_line' id='line_1_2' title="bbox 85 288 1606 351; baseline 0.008 -22"><span class='ocrx_word' id='word_1_2' title='bbox 85 288 202 341; x_wconf 81' lang='lat' dir='ltr'>Quod</span> <span class='ocrx_word' id='word_1_3' title='bbox 233 288 285 330; x_wconf 89' lang='lat' dir='ltr'>ad</span> <span class='ocrx_word' id='word_1_4' title='bbox 317 291 731 342; x_wconf 68' lang='lat' dir='ltr'>repraesentationem</span> <span class='ocrx_word' id='word_1_5' title='bbox 763 292 927 342; x_wconf 89' lang='lat' dir='ltr'>attinet,</span> <span class='ocrx_word' id='word_1_6' title='bbox 963 293 1116 334; x_wconf 89' lang='lat' dir='ltr'>nemini</span> <span class='ocrx_word' id='word_1_7' title='bbox 1146 294 1315 337; x_wconf 88' lang='lat' dir='ltr'>dubium</span> <span class='ocrx_word' id='word_1_8' title='bbox 1346 310 1429 339; x_wconf 88' lang='lat' dir='ltr'>esse</span> <span class='ocrx_word' id='word_1_9' title='bbox 1459 299 1606 351; x_wconf 88' lang='lat' dir='ltr'>potest,</span> 
     </span>
     <span class='ocr_line' id='line_1_3' title="bbox 85 355 1606 416; baseline 0.007 -20"><span class='ocrx_word' id='word_1_10' title='bbox 85 355 183 409; x_wconf 88' lang='lat' dir='ltr'>quin</span> <span class='ocrx_word' id='word_1_11' title='bbox 212 355 424 397; x_wconf 75' lang='lat' dir='ltr'>teneamus</span> <span class='ocrx_word' id='word_1_12' title='bbox 453 358 571 410; x_wconf 86' lang='lat' dir='ltr'>quasi</span> <span class='ocrx_word' id='word_1_13' title='bbox 598 358 773 399; x_wconf 89' lang='lat' dir='ltr'>alterum</span> <span class='ocrx_word' id='word_1_14' title='bbox 811 359 1017 412; x_wconf 78' lang='lat' dir='ltr'>quoddam</span> <span class='ocrx_word' id='word_1_15' title='bbox 1052 359 1174 412; x_wconf 85' lang='lat' dir='ltr'>idque</span> <span class='ocrx_word' id='word_1_16' title='bbox 1195 363 1477 416; x_wconf 85' lang='lat' dir='ltr'>neglegentius</span> <span class='ocrx_word' id='word_1_17' title='bbox 1497 365 1606 407; x_wconf 91' lang='lat' dir='ltr'>scul-</span> 
     </span>
     <span class='ocr_line' id='line_1_4' title="bbox 36 423 1604 485; baseline 0.007 -23"><span class='ocrx_word' id='word_1_18' title='bbox 36 436 39 437; x_wconf 62' lang='grc'>’</span> <span class='ocrx_word' id='word_1_19' title='bbox 83 423 199 475; x_wconf 91' lang='lat' dir='ltr'>ptum</span> <span class='ocrx_word' id='word_1_20' title='bbox 230 423 494 476; x_wconf 85' lang='lat' dir='ltr'>apographon</span> <span class='ocrx_word' id='word_1_21' title='bbox 526 425 702 466; x_wconf 86' lang='lat' dir='ltr'>eiusdem</span> <span class='ocrx_word' id='word_1_22' title='bbox 735 426 957 478; x_wconf 78' lang='lat' dir='ltr'>archetypi,</span> <span class='ocrx_word' id='word_1_23' title='bbox 991 438 1013 466; x_wconf 90' lang='lat' dir='ltr'>a</span> <span class='ocrx_word' id='word_1_24' title='bbox 1046 439 1124 478; x_wconf 90' lang='lat' dir='ltr'>quo</span> <span class='ocrx_word' id='word_1_25' title='bbox 1142 427 1352 470; x_wconf 73' lang='lat' dir='ltr'>Parisinus</span> <span class='ocrx_word' id='word_1_26' title='bbox 1382 430 1451 472; x_wconf 87' lang='lat' dir='ltr'>ille</span> <span class='ocrx_word' id='word_1_27' title='bbox 1482 432 1604 485; x_wconf 87' lang='lat' dir='ltr'>origi-</span> 
     </span>
     <span class='ocr_line' id='line_1_5' title="bbox 83 488 1605 550; baseline 0.005 -20"><span class='ocrx_word' id='word_1_28' title='bbox 83 501 174 530; x_wconf 88' lang='lat' dir='ltr'>nem</span> <span class='ocrx_word' id='word_1_29' title='bbox 206 488 335 530; x_wconf 86' lang='lat' dir='ltr'>duxit.</span> <span class='ocrx_word' id='word_1_30' title='bbox 392 489 539 543; x_wconf 86' lang='lat' dir='ltr'>Itaque</span> <span class='ocrx_word' id='word_1_31' title='bbox 577 493 774 544; x_wconf 89' lang='lat' dir='ltr'>quattuor</span> <span class='ocrx_word' id='word_1_32' title='bbox 811 493 1001 533; x_wconf 85' lang='lat' dir='ltr'>accurate</span> <span class='ocrx_word' id='word_1_33' title='bbox 1038 493 1156 534; x_wconf 89' lang='lat' dir='ltr'>modo</span> <span class='ocrx_word' id='word_1_34' title='bbox 1195 493 1421 548; x_wconf 88' lang='lat' dir='ltr'>descriptas</span> <span class='ocrx_word' id='word_1_35' title='bbox 1453 497 1605 550; x_wconf 88' lang='lat' dir='ltr'>figuras</span> 
     </span>
     <span class='ocr_line' id='line_1_6' title="bbox 83 555 1604 610; baseline 0.005 -13"><span class='ocrx_word' id='word_1_36' title='bbox 83 555 225 598; x_wconf 89' lang='lat' dir='ltr'>eadem</span> <span class='ocrx_word' id='word_1_37' title='bbox 270 555 372 597; x_wconf 90' lang='lat' dir='ltr'>serie</span> <span class='ocrx_word' id='word_1_38' title='bbox 417 556 598 604; x_wconf 79' lang='lat' dir='ltr'>exhibet3</span> <span class='ocrx_word' id='word_1_39' title='bbox 648 557 853 610; x_wconf 73' lang='lat' dir='ltr'>discrepat</span> <span class='ocrx_word' id='word_1_40' title='bbox 900 560 1065 599; x_wconf 87' lang='lat' dir='ltr'>tantum</span> <span class='ocrx_word' id='word_1_41' title='bbox 1111 560 1153 600; x_wconf 91' lang='lat' dir='ltr'>in</span> <span class='ocrx_word' id='word_1_42' title='bbox 1197 560 1417 603; x_wconf 86' lang='lat' dir='ltr'>levioribus</span> <span class='ocrx_word' id='word_1_43' title='bbox 1465 563 1604 604; x_wconf 88' lang='lat' dir='ltr'>rebus:</span> 
     </span>
     <span class='ocr_line' id='line_1_7' title="bbox 83 622 1605 678; baseline 0.005 -16"><span class='ocrx_word' id='word_1_44' title='bbox 83 634 201 663; x_wconf 83' lang='lat' dir='ltr'>senex</span> <span class='ocrx_word' id='word_1_45' title='bbox 249 622 434 664; x_wconf 81' lang='lat' dir='ltr'>dextram</span> <span class='ocrx_word' id='word_1_46' title='bbox 484 623 535 664; x_wconf 89' lang='lat' dir='ltr'>ad</span> <span class='ocrx_word' id='word_1_47' title='bbox 577 624 760 664; x_wconf 90' lang='lat' dir='ltr'>mentum</span> <span class='ocrx_word' id='word_1_48' title='bbox 804 624 1012 673; x_wconf 80' lang='lat' dir='ltr'>admovet,</span> <span class='ocrx_word' id='word_1_49' title='bbox 1061 627 1253 678; x_wconf 90' lang='lat' dir='ltr'>puerulus</span> <span class='ocrx_word' id='word_1_50' title='bbox 1294 627 1460 670; x_wconf 91' lang='lat' dir='ltr'>sinistra</span> <span class='ocrx_word' id='word_1_51' title='bbox 1503 629 1605 669; x_wconf 90' lang='lat' dir='ltr'>nihil</span> 
     </span>
     <span class='ocr_line' id='line_1_8' title="bbox 82 688 1605 747; baseline 0.004 -18"><span class='ocrx_word' id='word_1_52' title='bbox 82 688 207 740; x_wconf 89' lang='lat' dir='ltr'>tenet,</span> <span class='ocrx_word' id='word_1_53' title='bbox 251 689 420 730; x_wconf 89' lang='lat' dir='ltr'>nuntius</span> <span class='ocrx_word' id='word_1_54' title='bbox 456 689 521 730; x_wconf 87' lang='lat' dir='ltr'>vir</span> <span class='ocrx_word' id='word_1_55' title='bbox 553 689 749 730; x_wconf 85' lang='lat' dir='ltr'>barbatus</span> <span class='ocrx_word' id='word_1_56' title='bbox 781 691 852 731; x_wconf 87' lang='lat' dir='ltr'>est.</span> <span class='ocrx_word' id='word_1_57' title='bbox 904 715 955 719; x_wconf 88' lang='lat'><strong>—</strong></span> <span class='ocrx_word' id='word_1_58' title='bbox 1008 691 1278 745; x_wconf 83' lang='lat' dir='ltr'>Tragoediam</span> <span class='ocrx_word' id='word_1_59' title='bbox 1314 693 1443 747; x_wconf 90' lang='lat' dir='ltr'>signis</span> <span class='ocrx_word' id='word_1_60' title='bbox 1473 707 1605 736; x_wconf 88' lang='lat' dir='ltr'>sarco·</span> 
     </span>
     <span class='ocr_line' id='line_1_9' title="bbox 82 755 1605 808; baseline 0.003 -12"><span class='ocrx_word' id='word_1_61' title='bbox 82 755 311 808; x_wconf 88' lang='lat' dir='ltr'>phagorum</span> <span class='ocrx_word' id='word_1_62' title='bbox 341 766 571 807; x_wconf 83' lang='lat' dir='ltr'>expressam</span> <span class='ocrx_word' id='word_1_63' title='bbox 605 767 688 796; x_wconf 90' lang='lat' dir='ltr'>esse</span> <span class='ocrx_word' id='word_1_64' title='bbox 724 755 925 797; x_wconf 80' lang='lat' dir='ltr'>luculenti</span> <span class='ocrx_word' id='word_1_65' title='bbox 956 757 996 797; x_wconf 93' lang='lat' dir='ltr'>hi</span> <span class='ocrx_word' id='word_1_66' title='bbox 1028 758 1152 798; x_wconf 88' lang='lat' dir='ltr'>testes</span> <span class='ocrx_word' id='word_1_67' title='bbox 1184 760 1292 799; x_wconf 91' lang='lat' dir='ltr'>sunt.</span> <span class='ocrx_word' id='word_1_68' title='bbox 1351 759 1511 801; x_wconf 85' lang='lat' dir='ltr'>Etenim</span> <span class='ocrx_word' id='word_1_69' title='bbox 1546 761 1605 800; x_wconf 85' lang='lat' dir='ltr'>vi-</span> 
     </span>
     <span class='ocr_line' id='line_1_10' title="bbox 82 821 1605 879; baseline 0.003 -17"><span class='ocrx_word' id='word_1_70' title='bbox 82 834 176 863; x_wconf 90' lang='lat' dir='ltr'>rum</span> <span class='ocrx_word' id='word_1_71' title='bbox 204 821 424 863; x_wconf 88' lang='lat' dir='ltr'>barbatum</span> <span class='ocrx_word' id='word_1_72' title='bbox 448 821 568 862; x_wconf 89' lang='lat' dir='ltr'>illum</span> <span class='ocrx_word' id='word_1_73' title='bbox 600 822 642 862; x_wconf 90' lang='lat' dir='ltr'>in</span> <span class='ocrx_word' id='word_1_74' title='bbox 674 822 773 864; x_wconf 88' lang='lat' dir='ltr'>solio</span> <span class='ocrx_word' id='word_1_75' title='bbox 805 823 1010 864; x_wconf 87' lang='lat' dir='ltr'>sedentem</span> <span class='ocrx_word' id='word_1_76' title='bbox 1040 824 1129 876; x_wconf 87' lang='lat' dir='ltr'>quis</span> <span class='ocrx_word' id='word_1_77' title='bbox 1161 825 1233 877; x_wconf 86' lang='lat' dir='ltr'>est,</span> <span class='ocrx_word' id='word_1_78' title='bbox 1265 825 1362 878; x_wconf 89' lang='lat' dir='ltr'>quin</span> <span class='ocrx_word' id='word_1_79' title='bbox 1392 825 1605 879; x_wconf 88' lang='lat' dir='ltr'>intellegat</span> 
     </span>
     <span class='ocr_line' id='line_1_11' title="bbox 83 889 1606 943; baseline 0.003 -13"><span class='ocrx_word' id='word_1_80' title='bbox 83 889 282 930; x_wconf 88' lang='lat' dir='ltr'>Theseum</span> <span class='ocrx_word' id='word_1_81' title='bbox 315 900 399 929; x_wconf 88' lang='lat' dir='ltr'>esse</span> <span class='ocrx_word' id='word_1_82' title='bbox 429 889 620 929; x_wconf 84' lang='lat' dir='ltr'>nuntium</span> <span class='ocrx_word' id='word_1_83' title='bbox 667 889 714 931; x_wconf 92' lang='lat' dir='ltr'>de</span> <span class='ocrx_word' id='word_1_84' title='bbox 758 889 974 943; x_wconf 71' lang='lat' dir='ltr'>Hippolyti</span> <span class='ocrx_word' id='word_1_85' title='bbox 1014 891 1185 931; x_wconf 88' lang='lat' dir='ltr'>interitu</span> <span class='ocrx_word' id='word_1_86' title='bbox 1229 892 1488 933; x_wconf 75' lang='lat' dir='ltr'>audientem?</span> <span class='ocrx_word' id='word_1_87' title='bbox 1545 893 1606 935; x_wconf 91' lang='lat' dir='ltr'>De</span> 
     </span>
     <span class='ocr_line' id='line_1_12' title="bbox 82 954 1605 1011; baseline 0.002 -14"><span class='ocrx_word' id='word_1_88' title='bbox 82 955 241 997; x_wconf 89' lang='lat' dir='ltr'>duabus</span> <span class='ocrx_word' id='word_1_89' title='bbox 271 954 439 1008; x_wconf 90' lang='lat' dir='ltr'>reliquis</span> <span class='ocrx_word' id='word_1_90' title='bbox 470 955 614 1009; x_wconf 86' lang='lat' dir='ltr'>figuris</span> <span class='ocrx_word' id='word_1_91' title='bbox 645 957 777 998; x_wconf 85' lang='lat' dir='ltr'>multa</span> <span class='ocrx_word' id='word_1_92' title='bbox 809 957 910 998; x_wconf 88' lang='lat' dir='ltr'>satis</span> <span class='ocrx_word' id='word_1_93' title='bbox 941 957 1149 1010; x_wconf 84' lang='lat' dir='ltr'>eleganter</span> <span class='ocrx_word' id='word_1_94' title='bbox 1183 959 1401 999; x_wconf 88' lang='lat' dir='ltr'>coniectari</span> <span class='ocrx_word' id='word_1_95' title='bbox 1424 962 1605 1011; x_wconf 87' lang='lat' dir='ltr'>possunt,</span> 
     </span>
     <span class='ocr_line' id='line_1_13' title="bbox 82 1021 1603 1076; baseline 0.002 -12"><span class='ocrx_word' id='word_1_96' title='bbox 82 1023 116 1064; x_wconf 93' lang='lat' dir='ltr'>si</span> <span class='ocrx_word' id='word_1_97' title='bbox 138 1022 228 1076; x_wconf 90' lang='lat' dir='ltr'>quis</span> <span class='ocrx_word' id='word_1_98' title='bbox 252 1021 354 1063; x_wconf 88' lang='lat' dir='ltr'>satis</span> <span class='ocrx_word' id='word_1_99' title='bbox 384 1021 576 1063; x_wconf 88' lang='lat' dir='ltr'>habuerit</span> <span class='ocrx_word' id='word_1_100' title='bbox 607 1022 668 1063; x_wconf 88' lang='lat' dir='ltr'>his</span> <span class='ocrx_word' id='word_1_101' title='bbox 700 1022 843 1076; x_wconf 88' lang='lat' dir='ltr'>figuris</span> <span class='ocrx_word' id='word_1_102' title='bbox 866 1023 1191 1076; x_wconf 80' lang='lat' dir='ltr'>qualemcunque</span> <span class='ocrx_word' id='word_1_103' title='bbox 1221 1036 1382 1065; x_wconf 90' lang='lat' dir='ltr'>sensum</span> <span class='ocrx_word' id='word_1_104' title='bbox 1413 1025 1603 1067; x_wconf 87' lang='lat' dir='ltr'>subicere.</span> 
     </span>
     <span class='ocr_line' id='line_1_14' title="bbox 83 1088 1605 1145; baseline 0.002 -15"><span class='ocrx_word' id='word_1_105' title='bbox 83 1088 202 1130; x_wconf 82' lang='lat' dir='ltr'>Talia</span> <span class='ocrx_word' id='word_1_106' title='bbox 234 1088 526 1141; x_wconf 84' lang='lat' dir='ltr'>interpretibus</span> <span class='ocrx_word' id='word_1_107' title='bbox 565 1088 684 1130; x_wconf 84' lang='lat' dir='ltr'>facile</span> <span class='ocrx_word' id='word_1_108' title='bbox 715 1089 1059 1137; x_wconf 86' lang='lat' dir='ltr'>condonabimus;</span> <span class='ocrx_word' id='word_1_109' title='bbox 1098 1103 1192 1131; x_wconf 89' lang='lat' dir='ltr'>nam</span> <span class='ocrx_word' id='word_1_110' title='bbox 1224 1091 1257 1131; x_wconf 84' lang='lat' dir='ltr'>si</span> <span class='ocrx_word' id='word_1_111' title='bbox 1289 1103 1366 1132; x_wconf 91' lang='lat' dir='ltr'>non</span> <span class='ocrx_word' id='word_1_112' title='bbox 1392 1092 1605 1145; x_wconf 83' lang='lat' dir='ltr'>tragoedia</span> 
     </span>
     <span class='ocr_line' id='line_1_15' title="bbox 81 1154 1604 1209; baseline 0.001 -12"><span class='ocrx_word' id='word_1_113' title='bbox 81 1155 170 1208; x_wconf 89' lang='lat' dir='ltr'>ipsa</span> <span class='ocrx_word' id='word_1_114' title='bbox 199 1154 530 1207; x_wconf 86' lang='lat' dir='ltr'>interpretationi</span> <span class='ocrx_word' id='word_1_115' title='bbox 561 1156 672 1196; x_wconf 88' lang='lat' dir='ltr'>certa</span> <span class='ocrx_word' id='word_1_116' title='bbox 703 1156 884 1197; x_wconf 87' lang='lat' dir='ltr'>subsidia</span> <span class='ocrx_word' id='word_1_117' title='bbox 918 1156 1117 1209; x_wconf 83' lang='lat' dir='ltr'>suggerit,</span> <span class='ocrx_word' id='word_1_118' title='bbox 1161 1156 1209 1197; x_wconf 91' lang='lat' dir='ltr'>de</span> <span class='ocrx_word' id='word_1_119' title='bbox 1255 1169 1299 1197; x_wconf 92' lang='lat' dir='ltr'>ea</span> <span class='ocrx_word' id='word_1_120' title='bbox 1349 1158 1486 1198; x_wconf 90' lang='lat' dir='ltr'>actum</span> <span class='ocrx_word' id='word_1_121' title='bbox 1533 1159 1604 1199; x_wconf 88' lang='lat' dir='ltr'>est.</span> 
     </span>
     <span class='ocr_line' id='line_1_16' title="bbox 82 1221 1605 1275; baseline 0.002 -13"><span class='ocrx_word' id='word_1_122' title='bbox 82 1222 217 1274; x_wconf 83' lang='lat' dir='ltr'>Quare</span> <span class='ocrx_word' id='word_1_123' title='bbox 247 1233 328 1262; x_wconf 92' lang='lat' dir='ltr'>non</span> <span class='ocrx_word' id='word_1_124' title='bbox 356 1221 491 1262; x_wconf 89' lang='lat' dir='ltr'>minus</span> <span class='ocrx_word' id='word_1_125' title='bbox 522 1221 572 1262; x_wconf 87' lang='lat' dir='ltr'>iis</span> <span class='ocrx_word' id='word_1_126' title='bbox 603 1222 857 1263; x_wconf 81' lang='lat' dir='ltr'>antevertere</span> <span class='ocrx_word' id='word_1_127' title='bbox 889 1222 1018 1271; x_wconf 80' lang='lat' dir='ltr'>volui,</span> <span class='ocrx_word' id='word_1_128' title='bbox 1059 1222 1128 1275; x_wconf 93' lang='lat' dir='ltr'>qui</span> <span class='ocrx_word' id='word_1_129' title='bbox 1168 1222 1305 1264; x_wconf 86' lang='lat' dir='ltr'>forsan</span> <span class='ocrx_word' id='word_1_130' title='bbox 1338 1223 1453 1264; x_wconf 88' lang='lat' dir='ltr'>illam</span> <span class='ocrx_word' id='word_1_131' title='bbox 1488 1224 1605 1265; x_wconf 88' lang='lat' dir='ltr'>femi-</span> 
     </span>
     <span class='ocr_line' id='line_1_17' title="bbox 82 1287 1606 1342; baseline 0.001 -12"><span class='ocrx_word' id='word_1_132' title='bbox 82 1301 178 1330; x_wconf 87' lang='lat' dir='ltr'>nam</span> <span class='ocrx_word' id='word_1_133' title='bbox 225 1300 297 1341; x_wconf 91' lang='lat' dir='ltr'>pro</span> <span class='ocrx_word' id='word_1_134' title='bbox 336 1287 411 1329; x_wconf 89' lang='lat' dir='ltr'>dea</span> <span class='ocrx_word' id='word_1_135' title='bbox 448 1287 647 1336; x_wconf 81' lang='lat' dir='ltr'>habeant3</span> <span class='ocrx_word' id='word_1_136' title='bbox 694 1288 758 1329; x_wconf 90' lang='grc'><strong>0111</strong></span> <span class='ocrx_word' id='word_1_137' title='bbox 804 1289 1060 1330; x_wconf 87' lang='lat' dir='ltr'>coniecturae</span> <span class='ocrx_word' id='word_1_138' title='bbox 1101 1289 1225 1330; x_wconf 86' lang='lat' dir='ltr'>etiam</span> <span class='ocrx_word' id='word_1_139' title='bbox 1267 1290 1466 1342; x_wconf 86' lang='lat' dir='ltr'>obstrepit</span> <span class='ocrx_word' id='word_1_140' title='bbox 1495 1291 1606 1332; x_wconf 89' lang='lat' dir='ltr'>totus</span> 
     </span>
     <span class='ocr_line' id='line_1_18' title="bbox 81 1354 1606 1408; baseline 0.001 -13"><span class='ocrx_word' id='word_1_141' title='bbox 81 1354 247 1396; x_wconf 90' lang='lat' dir='ltr'>habitus</span> <span class='ocrx_word' id='word_1_142' title='bbox 297 1355 534 1408; x_wconf 86' lang='lat' dir='ltr'>modusque,</span> <span class='ocrx_word' id='word_1_143' title='bbox 591 1367 670 1408; x_wconf 88' lang='lat' dir='ltr'>quo</span> <span class='ocrx_word' id='word_1_144' title='bbox 718 1355 815 1395; x_wconf 88' lang='lat' dir='ltr'>huic</span> <span class='ocrx_word' id='word_1_145' title='bbox 868 1367 1036 1396; x_wconf 79' lang='lat' dir='ltr'>scaenae</span> <span class='ocrx_word' id='word_1_146' title='bbox 1084 1355 1237 1396; x_wconf 85' lang='lat' dir='ltr'>inserta</span> <span class='ocrx_word' id='word_1_147' title='bbox 1286 1356 1346 1396; x_wconf 91' lang='lat' dir='ltr'>est</span> <span class='ocrx_word' id='word_1_148' title='bbox 1397 1355 1463 1406; x_wconf 86' lang='lat' dir='ltr'>(cf.</span> <span class='ocrx_word' id='word_1_149' title='bbox 1495 1356 1606 1398; x_wconf 88' lang='lat' dir='ltr'>Hink</span> 
     </span>
     <span class='ocr_line' id='line_1_19' title="bbox 80 1419 1605 1475; baseline 0.001 -13"><span class='ocrx_word' id='word_1_150' title='bbox 80 1421 108 1464; x_wconf 87' lang='lat'>1.</span> <span class='ocrx_word' id='word_1_151' title='bbox 139 1421 164 1462; x_wconf 93' lang='lat' dir='ltr'>l.</span> <span class='ocrx_word' id='word_1_152' title='bbox 195 1434 234 1474; x_wconf 93' lang='lat' dir='ltr'>p.</span> <span class='ocrx_word' id='word_1_153' title='bbox 265 1419 379 1474; x_wconf 82' lang='lat'>121);</span> <span class='ocrx_word' id='word_1_154' title='bbox 421 1434 513 1463; x_wconf 90' lang='lat' dir='ltr'>cum</span> <span class='ocrx_word' id='word_1_155' title='bbox 544 1422 585 1463; x_wconf 89' lang='lat' dir='ltr'>ni</span> <span class='ocrx_word' id='word_1_156' title='bbox 617 1422 738 1464; x_wconf 90' lang='lat' dir='ltr'>fallor</span> <span class='ocrx_word' id='word_1_157' title='bbox 774 1421 1020 1463; x_wconf 79' lang='lat' dir='ltr'>verecundia</span> <span class='ocrx_word' id='word_1_158' title='bbox 1056 1421 1258 1475; x_wconf 86' lang='lat' dir='ltr'>quaedam</span> <span class='ocrx_word' id='word_1_159' title='bbox 1299 1421 1475 1463; x_wconf 85' lang='lat' dir='ltr'>artifices</span> <span class='ocrx_word' id='word_1_160' title='bbox 1513 1435 1605 1475; x_wconf 91' lang='lat' dir='ltr'>pro-</span> 
     </span>
     <span class='ocr_line' id='line_1_20' title="bbox 82 1487 1604 1542; baseline 0.001 -13"><span class='ocrx_word' id='word_1_161' title='bbox 82 1487 253 1542; x_wconf 86' lang='lat' dir='ltr'>hiberet,</span> <span class='ocrx_word' id='word_1_162' title='bbox 285 1488 502 1541; x_wconf 86' lang='lat' dir='ltr'>quominus</span> <span class='ocrx_word' id='word_1_163' title='bbox 534 1489 628 1530; x_wconf 90' lang='lat' dir='ltr'>deos</span> <span class='ocrx_word' id='word_1_164' title='bbox 663 1490 738 1530; x_wconf 87' lang='lat' dir='ltr'>hoc</span> <span class='ocrx_word' id='word_1_165' title='bbox 769 1489 888 1530; x_wconf 90' lang='lat' dir='ltr'>modo</span> <span class='ocrx_word' id='word_1_166' title='bbox 920 1501 1050 1541; x_wconf 89' lang='lat' dir='ltr'>neque</span> <span class='ocrx_word' id='word_1_167' title='bbox 1079 1489 1234 1541; x_wconf 89' lang='lat' dir='ltr'>insigni</span> <span class='ocrx_word' id='word_1_168' title='bbox 1267 1488 1351 1530; x_wconf 89' lang='lat' dir='ltr'>ullo</span> <span class='ocrx_word' id='word_1_169' title='bbox 1383 1489 1604 1531; x_wconf 88' lang='lat' dir='ltr'>instructos</span> 
     </span>
     <span class='ocr_line' id='line_1_21' title="bbox 81 1555 1604 1609; baseline 0.001 -13"><span class='ocrx_word' id='word_1_170' title='bbox 81 1567 211 1609; x_wconf 88' lang='lat' dir='ltr'>neque</span> <span class='ocrx_word' id='word_1_171' title='bbox 241 1555 411 1597; x_wconf 90' lang='lat' dir='ltr'>elatiore</span> <span class='ocrx_word' id='word_1_172' title='bbox 441 1555 586 1597; x_wconf 88' lang='lat' dir='ltr'>habitu</span> <span class='ocrx_word' id='word_1_173' title='bbox 616 1556 735 1597; x_wconf 88' lang='lat' dir='ltr'>rebus</span> <span class='ocrx_word' id='word_1_174' title='bbox 766 1555 958 1597; x_wconf 87' lang='lat' dir='ltr'>humanis</span> <span class='ocrx_word' id='word_1_175' title='bbox 989 1555 1276 1596; x_wconf 87' lang='lat' dir='ltr'>immiscerent.</span> <span class='ocrx_word' id='word_1_176' title='bbox 1338 1556 1402 1596; x_wconf 87' lang='lat' dir='ltr'>An</span> <span class='ocrx_word' id='word_1_177' title='bbox 1424 1555 1604 1597; x_wconf 87' lang='lat' dir='ltr'>fructum</span> 
     </span>
     <span class='ocr_line' id='line_1_22' title="bbox 81 1622 1605 1677; baseline 0.001 -14"><span class='ocrx_word' id='word_1_178' title='bbox 81 1634 105 1663; x_wconf 89' lang='lat' dir='ltr'>a</span> <span class='ocrx_word' id='word_1_179' title='bbox 135 1623 303 1675; x_wconf 90' lang='lat' dir='ltr'>puerulo</span> <span class='ocrx_word' id='word_1_180' title='bbox 335 1622 482 1673; x_wconf 89' lang='lat' dir='ltr'>latum,</span> <span class='ocrx_word' id='word_1_181' title='bbox 514 1635 633 1676; x_wconf 90' lang='lat' dir='ltr'>quem</span> <span class='ocrx_word' id='word_1_182' title='bbox 665 1623 770 1664; x_wconf 85' lang='lat' dir='ltr'>alter</span> <span class='ocrx_word' id='word_1_183' title='bbox 802 1622 1079 1675; x_wconf 78' lang='lat' dir='ltr'>sarcophagus</span> <span class='ocrx_word' id='word_1_184' title='bbox 1114 1622 1240 1663; x_wconf 89' lang='lat' dir='ltr'>etiam</span> <span class='ocrx_word' id='word_1_185' title='bbox 1264 1622 1413 1674; x_wconf 88' lang='lat' dir='ltr'>omisit,</span> <span class='ocrx_word' id='word_1_186' title='bbox 1445 1623 1605 1677; x_wconf 85' lang='lat' dir='ltr'>insigne</span> 
     </span>
     <span class='ocr_line' id='line_1_23' title="bbox 81 1687 1605 1740; baseline 0 -10"><span class='ocrx_word' id='word_1_187' title='bbox 81 1701 166 1730; x_wconf 88' lang='lat' dir='ltr'>esse</span> <span class='ocrx_word' id='word_1_188' title='bbox 196 1687 452 1730; x_wconf 76' lang='lat' dir='ltr'>affirmabis?</span> <span class='ocrx_word' id='word_1_189' title='bbox 499 1712 550 1717; x_wconf 79' lang='lat'>-</span> <span class='ocrx_word' id='word_1_190' title='bbox 595 1689 827 1738; x_wconf 88' lang='lat' dir='ltr'>Rationem,</span> <span class='ocrx_word' id='word_1_191' title='bbox 873 1701 952 1740; x_wconf 92' lang='lat' dir='ltr'>qua</span> <span class='ocrx_word' id='word_1_192' title='bbox 984 1700 1067 1728; x_wconf 90' lang='lat' dir='ltr'>rem</span> <span class='ocrx_word' id='word_1_193' title='bbox 1100 1687 1368 1740; x_wconf 79' lang='lat' dir='ltr'>expediamus,</span> <span class='ocrx_word' id='word_1_194' title='bbox 1401 1688 1501 1729; x_wconf 87' lang='lat' dir='ltr'>satis</span> <span class='ocrx_word' id='word_1_195' title='bbox 1533 1702 1605 1730; x_wconf 91' lang='lat' dir='ltr'>an—</span> 
     </span>
     <span class='ocr_line' id='line_1_24' title="bbox 80 1754 1606 1808; baseline 0.001 -13"><span class='ocrx_word' id='word_1_196' title='bbox 80 1757 147 1797; x_wconf 85' lang='lat' dir='ltr'>tea</span> <span class='ocrx_word' id='word_1_197' title='bbox 178 1755 349 1796; x_wconf 88' lang='lat' dir='ltr'>munivi.</span> <span class='ocrx_word' id='word_1_198' title='bbox 409 1756 456 1796; x_wconf 85' lang='lat' dir='ltr'>In</span> <span class='ocrx_word' id='word_1_199' title='bbox 504 1755 640 1808; x_wconf 88' lang='lat' dir='ltr'>puella</span> <span class='ocrx_word' id='word_1_200' title='bbox 683 1755 733 1796; x_wconf 89' lang='lat' dir='ltr'>ad</span> <span class='ocrx_word' id='word_1_201' title='bbox 780 1755 963 1796; x_wconf 77' lang='lat' dir='ltr'>dextram</span> <span class='ocrx_word' id='word_1_202' title='bbox 1003 1754 1284 1807; x_wconf 87' lang='lat' dir='ltr'>progrediente</span> <span class='ocrx_word' id='word_1_203' title='bbox 1320 1767 1435 1796; x_wconf 84' lang='lat' dir='ltr'>serva</span> <span class='ocrx_word' id='word_1_204' title='bbox 1477 1768 1606 1808; x_wconf 88' lang='lat' dir='ltr'>agno-</span> 
     </span>
     <span class='ocr_line' id='line_1_25' title="bbox 82 1820 1605 1875; baseline 0 -12"><span class='ocrx_word' id='word_1_205' title='bbox 82 1821 242 1872; x_wconf 86' lang='lat' dir='ltr'>scenda,</span> <span class='ocrx_word' id='word_1_206' title='bbox 275 1834 378 1875; x_wconf 88' lang='lat' dir='ltr'>quae</span> <span class='ocrx_word' id='word_1_207' title='bbox 408 1822 460 1864; x_wconf 92' lang='lat' dir='ltr'>ad</span> <span class='ocrx_word' id='word_1_208' title='bbox 479 1823 678 1863; x_wconf 87' lang='lat' dir='ltr'>Theseum</span> <span class='ocrx_word' id='word_1_209' title='bbox 714 1822 915 1863; x_wconf 86' lang='lat' dir='ltr'>festinans</span> <span class='ocrx_word' id='word_1_210' title='bbox 947 1821 1138 1862; x_wconf 88' lang='lat' dir='ltr'>nuntium</span> <span class='ocrx_word' id='word_1_211' title='bbox 1172 1820 1220 1861; x_wconf 91' lang='lat' dir='ltr'>de</span> <span class='ocrx_word' id='word_1_212' title='bbox 1245 1821 1454 1862; x_wconf 87' lang='lat' dir='ltr'>Phaedrae</span> <span class='ocrx_word' id='word_1_213' title='bbox 1475 1823 1605 1863; x_wconf 90' lang='lat' dir='ltr'>morte</span> 
     </span>
     <span class='ocr_line' id='line_1_26' title="bbox 81 1887 1604 1937; baseline -0.001 -7"><span class='ocrx_word' id='word_1_214' title='bbox 81 1888 264 1931; x_wconf 87' lang='lat' dir='ltr'>allatura</span> <span class='ocrx_word' id='word_1_215' title='bbox 294 1889 374 1937; x_wconf 89' lang='lat' dir='ltr'>est;</span> <span class='ocrx_word' id='word_1_216' title='bbox 407 1889 518 1930; x_wconf 87' lang='lat' dir='ltr'>iussa</span> <span class='ocrx_word' id='word_1_217' title='bbox 548 1889 621 1930; x_wconf 89' lang='lat' dir='ltr'>illa</span> <span class='ocrx_word' id='word_1_218' title='bbox 653 1902 676 1930; x_wconf 92' lang='lat' dir='ltr'>a</span> <span class='ocrx_word' id='word_1_219' title='bbox 708 1889 875 1929; x_wconf 87' lang='lat' dir='ltr'>domina</span> <span class='ocrx_word' id='word_1_220' title='bbox 907 1888 1052 1930; x_wconf 87' lang='lat' dir='ltr'>liberos</span> <span class='ocrx_word' id='word_1_221' title='bbox 1078 1887 1220 1929; x_wconf 86' lang='lat' dir='ltr'>Thesei</span> <span class='ocrx_word' id='word_1_222' title='bbox 1250 1887 1344 1928; x_wconf 90' lang='lat' dir='ltr'>fidei</span> <span class='ocrx_word' id='word_1_223' title='bbox 1375 1900 1422 1928; x_wconf 88' lang='lat' dir='ltr'>ac</span> <span class='ocrx_word' id='word_1_224' title='bbox 1451 1888 1604 1929; x_wconf 89' lang='lat' dir='ltr'>tutelae</span> 
     </span>
     <span class='ocr_line' id='line_1_27' title="bbox 81 1955 1604 2010; baseline -0.003 -11"><span class='ocrx_word' id='word_1_225' title='bbox 81 1957 351 2010; x_wconf 86' lang='lat' dir='ltr'>committere,</span> <span class='ocrx_word' id='word_1_226' title='bbox 383 1956 498 1997; x_wconf 89' lang='grc'><strong>0111113</strong></span> <span class='ocrx_word' id='word_1_227' title='bbox 529 1956 693 2010; x_wconf 86' lang='lat' dir='ltr'>signum</span> <span class='ocrx_word' id='word_1_228' title='bbox 724 1955 942 2008; x_wconf 86' lang='lat' dir='ltr'>puerulum</span> <span class='ocrx_word' id='word_1_229' title='bbox 973 1955 1184 2008; x_wconf 86' lang='lat' dir='ltr'>adportat;</span> <span class='ocrx_word' id='word_1_230' title='bbox 1217 1968 1309 1996; x_wconf 86' lang='lat' dir='ltr'>nam</span> <span class='ocrx_word' id='word_1_231' title='bbox 1343 1955 1471 1996; x_wconf 88' lang='lat' dir='ltr'>altera</span> <span class='ocrx_word' id='word_1_232' title='bbox 1503 1967 1604 2008; x_wconf 89' lang='lat' dir='ltr'>quo-</span> 
     </span>
     <span class='ocr_line' id='line_1_28' title="bbox 80 2022 1601 2078; baseline -0.001 -12"><span class='ocrx_word' id='word_1_233' title='bbox 80 2037 159 2078; x_wconf 93' lang='lat' dir='ltr'>que</span> <span class='ocrx_word' id='word_1_234' title='bbox 201 2024 388 2066; x_wconf 87' lang='lat' dir='ltr'>Phaedra</span> <span class='ocrx_word' id='word_1_235' title='bbox 435 2036 513 2065; x_wconf 90' lang='lat' dir='ltr'>non</span> <span class='ocrx_word' id='word_1_236' title='bbox 562 2023 686 2064; x_wconf 88' lang='lat' dir='ltr'>semel</span> <span class='ocrx_word' id='word_1_237' title='bbox 723 2024 888 2064; x_wconf 88' lang='lat' dir='ltr'>tantum</span> <span class='ocrx_word' id='word_1_238' title='bbox 940 2022 1160 2064; x_wconf 85' lang='lat' dir='ltr'>liberorum</span> <span class='ocrx_word' id='word_1_239' title='bbox 1208 2034 1362 2063; x_wconf 89' lang='lat' dir='ltr'>memor</span> <span class='ocrx_word' id='word_1_240' title='bbox 1417 2023 1477 2063; x_wconf 88' lang='lat' dir='ltr'>est</span> <span class='ocrx_word' id='word_1_241' title='bbox 1533 2022 1601 2073; x_wconf 86' lang='lat' dir='ltr'>(cf.</span> 
     </span>
     <span class='ocr_line' id='line_1_29' title="bbox 82 2088 1603 2142; baseline -0.003 -9"><span class='ocrx_word' id='word_1_242' title='bbox 82 2104 118 2133; x_wconf 88' lang='lat' dir='ltr'>v.</span> <span class='ocrx_word' id='word_1_243' title='bbox 162 2092 257 2133; x_wconf 83' lang='lat'>421.</span> <span class='ocrx_word' id='word_1_244' title='bbox 303 2091 414 2142; x_wconf 87' lang='lat'>717).</span> <span class='ocrx_word' id='word_1_245' title='bbox 496 2090 665 2132; x_wconf 87' lang='lat' dir='ltr'>Servam</span> <span class='ocrx_word' id='word_1_246' title='bbox 716 2090 940 2132; x_wconf 88' lang='lat' dir='ltr'>comitatur</span> <span class='ocrx_word' id='word_1_247' title='bbox 990 2089 1250 2142; x_wconf 83' lang='lat' dir='ltr'>paedagogus</span> <span class='ocrx_word' id='word_1_248' title='bbox 1306 2112 1357 2117; x_wconf 93' lang='lat'><strong>—</strong></span> <span class='ocrx_word' id='word_1_249' title='bbox 1397 2101 1491 2130; x_wconf 88' lang='lat' dir='ltr'>nam</span> <span class='ocrx_word' id='word_1_250' title='bbox 1545 2088 1603 2129; x_wconf 90' lang='lat' dir='ltr'>sic</span> 
     </span>
     <span class='ocr_line' id='line_1_30' title="bbox 79 2156 1603 2211; baseline -0.003 -10"><span class='ocrx_word' id='word_1_251' title='bbox 79 2171 215 2201; x_wconf 89' lang='lat' dir='ltr'>senem</span> <span class='ocrx_word' id='word_1_252' title='bbox 237 2158 383 2200; x_wconf 88' lang='lat' dir='ltr'>merito</span> <span class='ocrx_word' id='word_1_253' title='bbox 404 2157 588 2200; x_wconf 90' lang='lat' dir='ltr'>nomines</span> <span class='ocrx_word' id='word_1_254' title='bbox 606 2181 671 2211; x_wconf 83' lang='lat'>—-,</span> <span class='ocrx_word' id='word_1_255' title='bbox 705 2157 775 2211; x_wconf 87' lang='lat' dir='ltr'>qui</span> <span class='ocrx_word' id='word_1_256' title='bbox 805 2170 850 2198; x_wconf 79' lang='lat' dir='ltr'>ex</span> <span class='ocrx_word' id='word_1_257' title='bbox 883 2157 1083 2198; x_wconf 89' lang='lat' dir='ltr'>subitaria</span> <span class='ocrx_word' id='word_1_258' title='bbox 1105 2156 1313 2197; x_wconf 88' lang='lat' dir='ltr'>Phaedrae</span> <span class='ocrx_word' id='word_1_259' title='bbox 1335 2168 1428 2197; x_wconf 89' lang='lat' dir='ltr'>nece</span> <span class='ocrx_word' id='word_1_260' title='bbox 1458 2156 1603 2197; x_wconf 88' lang='lat' dir='ltr'>volun-</span> 
     </span>
     <span class='ocr_line' id='line_1_31' title="bbox 79 2223 1602 2278; baseline -0.004 -10"><span class='ocrx_word' id='word_1_261' title='bbox 79 2226 188 2268; x_wconf 87' lang='lat' dir='ltr'>taria</span> <span class='ocrx_word' id='word_1_262' title='bbox 231 2238 382 2268; x_wconf 89' lang='lat' dir='ltr'>novam</span> <span class='ocrx_word' id='word_1_263' title='bbox 418 2225 689 2278; x_wconf 89' lang='lat' dir='ltr'>suspicionem</span> <span class='ocrx_word' id='word_1_264' title='bbox 728 2225 896 2266; x_wconf 87' lang='lat' dir='ltr'>trahens</span> <span class='ocrx_word' id='word_1_265' title='bbox 937 2224 1091 2265; x_wconf 87' lang='lat' dir='ltr'>domini</span> <span class='ocrx_word' id='word_1_266' title='bbox 1129 2223 1404 2264; x_wconf 88' lang='lat' dir='ltr'>innocentiam</span> <span class='ocrx_word' id='word_1_267' title='bbox 1441 2224 1602 2263; x_wconf 87' lang='lat' dir='ltr'>strenue</span> 
     </span>
     <span class='ocr_line' id='line_1_32' title="bbox 79 2289 1601 2345; baseline -0.003 -11"><span class='ocrx_word' id='word_1_268' title='bbox 79 2292 261 2334; x_wconf 89' lang='lat' dir='ltr'>defendit</span> <span class='ocrx_word' id='word_1_269' title='bbox 305 2292 449 2334; x_wconf 88' lang='lat' dir='ltr'>contra</span> <span class='ocrx_word' id='word_1_270' title='bbox 493 2294 668 2345; x_wconf 86' lang='lat' dir='ltr'>servam,</span> <span class='ocrx_word' id='word_1_271' title='bbox 719 2292 920 2332; x_wconf 90' lang='lat' dir='ltr'>Theseum</span> <span class='ocrx_word' id='word_1_272' title='bbox 975 2290 1147 2331; x_wconf 88' lang='lat' dir='ltr'>fortasse</span> <span class='ocrx_word' id='word_1_273' title='bbox 1188 2289 1263 2330; x_wconf 89' lang='lat' dir='ltr'>hoc</span> <span class='ocrx_word' id='word_1_274' title='bbox 1315 2289 1601 2330; x_wconf 86' lang='lat' dir='ltr'>dehortaturus</span> 
     </span>
     <span class='ocr_line' id='line_1_33' title="bbox 79 2359 292 2413; baseline -0.005 -13"><span class='ocrx_word' id='word_1_275' title='bbox 79 2359 158 2413; x_wconf 85' lang='lat' dir='ltr'>frg.</span> <span class='ocrx_word' id='word_1_276' title='bbox 189 2359 292 2399; x_wconf 86' lang='lat'>443:</span> 
     </span>
     <span class='ocr_line' id='line_1_34' title="bbox 281 2419 1347 2480; baseline -0.005 -13"><span class='ocrx_word' id='word_1_277' title='bbox 281 2425 436 2480; x_wconf 80' lang='grc' dir='ltr'><em>Θησεῦ,</em></span> <span class='ocrx_word' id='word_1_278' title='bbox 466 2429 666 2478; x_wconf 76' lang='grc' dir='ltr'><em>παραινῶ</em></span> <span class='ocrx_word' id='word_1_279' title='bbox 696 2439 764 2465; x_wconf 73' lang='lat' dir='ltr'>ont</span> <span class='ocrx_word' id='word_1_280' title='bbox 797 2420 846 2464; x_wconf 76' lang='grc' dir='ltr'>τὸ</span> <span class='ocrx_word' id='word_1_281' title='bbox 876 2423 1062 2478; x_wconf 75' lang='grc' dir='ltr'><strong><em>λῷστον·</em></strong></span> <span class='ocrx_word' id='word_1_282' title='bbox 1093 2419 1131 2463; x_wconf 81' lang='grc' dir='ltr'>εἰ</span> <span class='ocrx_word' id='word_1_283' title='bbox 1158 2424 1347 2477; x_wconf 77' lang='grc' dir='ltr'><em>φρονεῖς,</em></span> 
     </span>
     <span class='ocr_line' id='line_1_35' title="bbox 276 2484 1188 2547; baseline -0.003 -14"><span class='ocrx_word' id='word_1_284' title='bbox 276 2490 408 2547; x_wconf 78' lang='grc' dir='ltr'><em>μηδὲν</em></span> <span class='ocrx_word' id='word_1_285' title='bbox 439 2493 586 2533; x_wconf 73' lang='grc' dir='ltr'><em>πιθοῦ</em></span> <span class='ocrx_word' id='word_1_286' title='bbox 616 2490 778 2546; x_wconf 70' lang='grc' dir='ltr'><em>γυναικὶ</em></span> <span class='ocrx_word' id='word_1_287' title='bbox 809 2484 977 2544; x_wconf 70' lang='grc' dir='ltr'><em>τάληθῆ</em></span> <span class='ocrx_word' id='word_1_288' title='bbox 1009 2489 1147 2530; x_wconf 72' lang='grc' dir='ltr'><em>κλύων</em></span> <span class='ocrx_word' id='word_1_289' title='bbox 1165 2491 1188 2530; x_wconf 89' lang='lat'>¹.</span> 
     </span>
    </p>
   </div>
   <div class='ocr_carea' id='block_1_3' title="bbox 81 2578 344 2584">
    <p class='ocr_par' dir='ltr' id='par_1_3' title="bbox 81 2578 344 2584">
     <span class='ocr_line' id='line_1_36' title="bbox 81 2578 344 2584; baseline 0 0"><span class='ocrx_word' id='word_1_290' title='bbox 81 2578 344 2584; x_wconf 95' lang='lat' dir='ltr'> </span> 
     </span>
    </p>
   </div>
   <div class='ocr_carea' id='block_1_4' title="bbox 78 2609 1600 2896">
    <p class='ocr_par' dir='ltr' id='par_1_4' title="bbox 79 2609 1600 2720">
     <span class='ocr_line' id='line_1_37' title="bbox 79 2609 1600 2663; baseline -0.008 -10"><span class='ocrx_word' id='word_1_291' title='bbox 79 2616 202 2662; x_wconf 86' lang='grc' dir='ltr'>ΧΧΠ)</span> <span class='ocrx_word' id='word_1_292' title='bbox 226 2617 415 2663; x_wconf 86' lang='lat' dir='ltr'>Vorlegbl.</span> <span class='ocrx_word' id='word_1_293' title='bbox 435 2616 511 2651; x_wconf 85' lang='lat' dir='ltr'>Ser.</span> <span class='ocrx_word' id='word_1_294' title='bbox 530 2616 573 2650; x_wconf 88' lang='lat' dir='ltr'>V.</span> <span class='ocrx_word' id='word_1_295' title='bbox 591 2615 631 2649; x_wconf 92' lang='lat' dir='ltr'>T.</span> <span class='ocrx_word' id='word_1_296' title='bbox 652 2615 731 2648; x_wconf 80' lang='lat' dir='ltr'>XII.</span> <span class='ocrx_word' id='word_1_297' title='bbox 755 2615 784 2648; x_wconf 94' lang='lat' dir='ltr'>l.</span> <span class='ocrx_word' id='word_1_298' title='bbox 811 2614 975 2647; x_wconf 85' lang='lat' dir='ltr'>Dumont</span> <span class='ocrx_word' id='word_1_299' title='bbox 996 2612 1086 2646; x_wconf 84' lang='lat' dir='ltr'>Rev.</span> <span class='ocrx_word' id='word_1_300' title='bbox 1107 2609 1266 2645; x_wconf 76' lang='lat' dir='ltr'>archeol.</span> <span class='ocrx_word' id='word_1_301' title='bbox 1297 2611 1385 2643; x_wconf 85' lang='grc'><strong>1872</strong></span> <span class='ocrx_word' id='word_1_302' title='bbox 1411 2621 1446 2654; x_wconf 91' lang='lat' dir='ltr'>p.</span> <span class='ocrx_word' id='word_1_303' title='bbox 1467 2611 1532 2642; x_wconf 91' lang='grc'>118</span> <span class='ocrx_word' id='word_1_304' title='bbox 1548 2621 1600 2653; x_wconf 87' lang='lat' dir='ltr'>sq.</span> 
     </span>
     <span class='ocr_line' id='line_1_38' title="bbox 79 2674 837 2720; baseline -0.007 -10"><span class='ocrx_word' id='word_1_305' title='bbox 79 2675 318 2720; x_wconf 85' lang='lat' dir='ltr'>Heydemann</span> <span class='ocrx_word' id='word_1_306' title='bbox 343 2676 456 2710; x_wconf 87' lang='lat' dir='ltr'>Arch.</span> <span class='ocrx_word' id='word_1_307' title='bbox 483 2675 574 2710; x_wconf 87' lang='lat' dir='ltr'>Zeit.</span> <span class='ocrx_word' id='word_1_308' title='bbox 606 2675 696 2708; x_wconf 86' lang='grc'><strong>1872</strong></span> <span class='ocrx_word' id='word_1_309' title='bbox 722 2685 756 2717; x_wconf 89' lang='lat' dir='ltr'>p.</span> <span class='ocrx_word' id='word_1_310' title='bbox 783 2674 837 2706; x_wconf 86' lang='lat'>60.</span> 
     </span>
    </p>

    <p class='ocr_par' dir='ltr' id='par_1_5' title="bbox 78 2724 1600 2896">
     <span class='ocr_line' id='line_1_39' title="bbox 216 2724 1600 2779; baseline -0.007 -10"><span class='ocrx_word' id='word_1_311' title='bbox 216 2735 227 2754; x_wconf 82' lang='lat'><strong>¹</strong></span> <span class='ocrx_word' id='word_1_312' title='bbox 253 2734 355 2768; x_wconf 84' lang='lat' dir='ltr'>Cod.:</span> <span class='ocrx_word' id='word_1_313' title='bbox 392 2736 532 2779; x_wconf 78' lang='grc' dir='ltr'>γυναικὶ</span> <span class='ocrx_word' id='word_1_314' title='bbox 560 2737 692 2767; x_wconf 71' lang='grc' dir='ltr'>πείθου</span> <span class='ocrx_word' id='word_1_315' title='bbox 716 2731 811 2777; x_wconf 75' lang='grc' dir='ltr'>μηδὲ</span> <span class='ocrx_word' id='word_1_316' title='bbox 840 2728 974 2772; x_wconf 70' lang='grc' dir='ltr'><em>τάληθῆ</em></span> <span class='ocrx_word' id='word_1_317' title='bbox 1000 2724 1126 2771; x_wconf 58' lang='grc' dir='ltr'>κλύων,</span> <span class='ocrx_word' id='word_1_318' title='bbox 1158 2727 1256 2771; x_wconf 81' lang='lat' dir='ltr'>quod</span> <span class='ocrx_word' id='word_1_319' title='bbox 1283 2727 1395 2772; x_wconf 79' lang='lat' dir='ltr'>Vulgo</span> <span class='ocrx_word' id='word_1_320' title='bbox 1423 2727 1600 2771; x_wconf 77' lang='lat' dir='ltr'>interpre-</span> 
     </span>
     <span class='ocr_line' id='line_1_40' title="bbox 78 2786 1599 2834; baseline -0.007 -6"><span class='ocrx_word' id='word_1_321' title='bbox 78 2792 151 2827; x_wconf 84' lang='lat' dir='ltr'>tati</span> <span class='ocrx_word' id='word_1_322' title='bbox 175 2796 276 2827; x_wconf 88' lang='lat' dir='ltr'>sunt:</span> <span class='ocrx_word' id='word_1_323' title='bbox 305 2804 350 2827; x_wconf 91' lang='lat' dir='ltr'>ne</span> <span class='ocrx_word' id='word_1_324' title='bbox 375 2793 501 2827; x_wconf 86' lang='lat' dir='ltr'>credas</span> <span class='ocrx_word' id='word_1_325' title='bbox 516 2792 676 2834; x_wconf 85' lang='lat' dir='ltr'>mulieri,</span> <span class='ocrx_word' id='word_1_326' title='bbox 702 2789 846 2824; x_wconf 77' lang='lat' dir='ltr'>etiamsi</span> <span class='ocrx_word' id='word_1_327' title='bbox 867 2800 953 2822; x_wconf 81' lang='lat' dir='ltr'>vera</span> <span class='ocrx_word' id='word_1_328' title='bbox 973 2787 1096 2829; x_wconf 80' lang='lat' dir='ltr'>audis3</span> <span class='ocrx_word' id='word_1_329' title='bbox 1126 2798 1236 2830; x_wconf 87' lang='lat' dir='ltr'>quam</span> <span class='ocrx_word' id='word_1_330' title='bbox 1254 2786 1472 2819; x_wconf 86' lang='lat' dir='ltr'>seutentiam</span> <span class='ocrx_word' id='word_1_331' title='bbox 1495 2796 1599 2828; x_wconf 84' lang='lat' dir='ltr'>pror-</span> 
     </span>
     <span class='ocr_line' id='line_1_41' title="bbox 83 2842 1597 2896; baseline -0.007 -10"><span class='ocrx_word' id='word_1_332' title='bbox 83 2862 143 2886; x_wconf 85' lang='lat' dir='ltr'>sus</span> <span class='ocrx_word' id='word_1_333' title='bbox 167 2862 379 2896; x_wconf 81' lang='lat' dir='ltr'>perversam</span> <span class='ocrx_word' id='word_1_334' title='bbox 404 2850 544 2885; x_wconf 87' lang='lat' dir='ltr'>dudum</span> <span class='ocrx_word' id='word_1_335' title='bbox 569 2848 786 2894; x_wconf 79' lang='lat' dir='ltr'>reprobavit</span> <span class='ocrx_word' id='word_1_336' title='bbox 812 2847 931 2881; x_wconf 87' lang='lat' dir='ltr'>Hiller</span> <span class='ocrx_word' id='word_1_337' title='bbox 965 2845 1090 2891; x_wconf 85' lang='lat' dir='ltr'>(Liber</span> <span class='ocrx_word' id='word_1_338' title='bbox 1116 2844 1216 2878; x_wconf 85' lang='grc'><strong>111130.</strong></span> <span class='ocrx_word' id='word_1_339' title='bbox 1246 2844 1299 2878; x_wconf 89' lang='lat' dir='ltr'>ed.</span> <span class='ocrx_word' id='word_1_340' title='bbox 1330 2855 1349 2878; x_wconf 87' lang='lat' dir='ltr'>a</span> <span class='ocrx_word' id='word_1_341' title='bbox 1376 2855 1445 2878; x_wconf 88' lang='lat' dir='ltr'>soc.</span> <span class='ocrx_word' id='word_1_342' title='bbox 1471 2842 1597 2887; x_wconf 90' lang='lat' dir='ltr'>philol.</span> 
     </span>
    </p>
   </div>
  </div>
 </body>
</html>
