1912 3310
811 251 855 284 33

66 363 243 417 amplius
285 363 491 406 tumidam
536 377 583 406 ac
629 364 859 417 plumbeam
901 364 1148 407 cantilenam
1190 366 1237 408 de
1275 367 1362 408 diro
1404 369 1593 411 muliebri

63 443 211 484 genere
242 430 540 472 declamantem
573 431 675 471 facit
690 433 713 472 ¹.
774 429 852 471 Sed
891 430 1014 472 etiam
1048 431 1221 474 certiora
1270 433 1366 474 sciri
1410 436 1591 486 possunt.

65 496 174 539 Nam
209 509 281 550 pro
312 497 421 538 certo
452 496 660 538 affirmare
690 497 822 538 ausim
854 497 1174 539 Valckenarium
1205 500 1312 540 recte
1345 501 1592 542 coniectasse

65 563 293 605 clausulam
328 563 773 615 orationis-Hippolyti
811 575 855 604 ex
886 563 1019 616 priore
1050 564 1227 606 editione
1256 565 1299 606 in
1333 565 1504 608 alteram
1536 567 1591 607 ir-

63 631 234 684 repsisse
259 643 296 672 v.
316 631 545 672 664—682.
578 630 686 681 Quos
708 642 846 671 versus
869 630 911 670 in
942 631 1175 673 universum
1202 632 1383 684 prolatos
1407 633 1481 674 hoc
1503 633 1590 675 loco

64 698 272 752 languere,
315 698 534 751 postquam
565 697 814 750 Hippolytus
859 709 904 738 ex
946 710 1055 739 more
1087 699 1304 751 Euripideo
1345 700 1588 741 sententiam

65 765 298 819 generalem
328 764 380 806 ad
407 764 672 818 singularem,
718 776 821 817 quae
853 765 895 804 in
925 765 1114 806 manibus
1150 767 1222 818 est,
1269 779 1434 808 causam
1466 767 1591 819 adap-

64 832 186 884 tavit,
231 831 276 885 ii,
315 832 463 885 quibus
497 843 566 873 cor
594 832 640 873 ut
670 831 787 872 aiunt
817 831 936 883 sapit,
968 833 1227 884 persentient.
1294 834 1350 874 At
1386 834 1592 887 quadrant

65 898 165 940 haec
207 898 390 940 convicia
431 898 474 939 in
512 898 688 951 priorem
722 897 860 939 Velati
898 910 1099 948 scaenam,
1145 900 1192 940 ut
1223 899 1397 941 Senecae
1441 901 1592 942 similes

65 977 204 1007 versus
236 966 316 1006 566
346 977 404 1018 sq.
436 965 621 1006 vincunt.

199 1031 278 1074 Sed
306 1032 389 1074 iam
421 1031 609 1074 Phaedra
640 1032 728 1085 ipsa
760 1044 898 1073 morae
918 1032 1138 1084 impatiens
1160 1032 1395 1085 privignum
1418 1033 1518 1082 adit,
1549 1033 1590 1074 in

66 1112 147 1152 qua
175 1111 322 1141 scaena
354 1098 587 1140 exornanda
622 1099 742 1151 poeta
770 1097 962 1146 Graecus,
1005 1111 1053 1139 116
1081 1099 1265 1140 Romano
1297 1099 1400 1140 hanc
1429 1099 1590 1140 laudem

65 1166 282 1217 vindicem,
316 1156 528 1220 egregium
557 1165 758 1207 artificem
789 1178 830 1206 se
863 1166 1083 1218 praestitit.
1125 1189 1169 1193 —
1210 1166 1432 1207 Procedens
1463 1166 1592 1219 igitur

66 1232 140 1274 illa
186 1246 223 1274 v.
261 1234 342 1275 583
376 1246 435 1287 sq.
479 1233 643 1286 repente
683 1245 723 1273 se
767 1233 904 1274 animo
945 1233 1079 1286 linqui
1121 1233 1309 1283 simulat;
1360 1233 1591 1282 collabitur,

3 1331 5 1334 Α
66 1299 316 1354 Hippolytus
347 1300 571 1353 collapsam
606 1299 766 1352 excipit,
799 1312 900 1341 anus
932 1301 1160 1352 torpentem
1191 1301 1342 1341 excitat
1375 1313 1410 1341 v.
1436 1300 1535 1341 587:

269 1367 415 1409 attolle
448 1367 600 1417 vultus,
633 1366 795 1407 dimove
828 1366 936 1408 vocis
967 1379 1121 1408 moras:

263 1434 360 1475 tuus
390 1447 450 1484 en,
482 1434 663 1483 alumna,
695 1434 824 1474 temet
855 1433 1106 1486 Hippolytus
1138 1434 1262 1474 tenet.

65 1500 156 1542 Iam
199 1501 274 1542 illa
316 1500 400 1542 luci
445 1500 607 1542 reddita
654 1499 705 1541 ad
750 1500 930 1541 immane
961 1500 1213 1552 propositum
1245 1499 1519 1554 peragendum
1551 1511 1592 1539 se

65 1567 261 1621 accingit,
294 1568 362 1610 sed
379 1566 625 1610 verecundia
655 1567 873 1608 deturbata
906 1567 1127 1620 culpaeque
1159 1567 1317 1608 conscia
1350 1567 1456 1608 inter
1477 1566 1592 1606 varia

66 1635 237 1677 consilia
260 1635 434 1676 fluctuat
461 1636 513 1684 et,
543 1634 649 1675 unde
666 1634 926 1686 potissimum
948 1634 1083 1686 capiat
1100 1633 1319 1682 exordium,
1353 1634 1593 1674 cunctanter

66 1700 238 1754 quaerit.
263 1725 305 1730 ν
344 1701 532 1755 Vestigia
563 1701 628 1742 hic
659 1701 790 1742 latent
822 1699 967 1742 Graeci
990 1699 1240 1752 exemplaris.
1293 1700 1400 1741 Nam
1430 1700 1463 1740 si
1498 1699 1592 1741 Ovi·

65 1767 124 1809 dii
147 1767 334 1810 Phaedra
365 1768 508 1809 scribit
538 1781 575 1809 v.
607 1768 655 1808 7:
684 1766 766 1808 ‘ter
796 1769 932 1808 tecum
961 1769 1107 1807 conata
1137 1759 1271 1819 loqui’
1302 1779 1333 1807 e.
1356 1780 1392 1819 q.
1415 1779 1459 1817 s.,
1494 1766 1590 1819 quid

65 1833 176 1876 aliud
210 1835 399 1887 exprimit
431 1834 509 1875 nisi
540 1835 663 1875 istam
696 1835 1001 1875 cunctat-ionem
1034 1833 1101 1883 (cf.
1135 1833 1225 1875 Sen.
1257 1835 1337 1874 602
1375 1846 1432 1886 sq.
1464 1832 1590 1885 637)‘?

67 1900 242 1942 Senecae
272 1903 410 1942 autem
442 1901 630 1942 Phaedra
666 1913 802 1941 secum
841 1903 1005 1953 reputat
1046 1913 1083 1941 v.
1115 1901 1196 1941 596
1227 1913 1304 1953 sq.:
1349 1898 1405 1941 ‘si
1450 1900 1591 1952 coepta

65 1980 272 2022 exsequor,
304 1969 459 2010 Forsan
480 1968 612 2021 iugali
644 1969 797 2009 crimen
827 1967 1075 2009 abscondam
1109 1968 1225 2008 face'.
1270 1968 1372 2008 Item
1392 1967 1593 2009 Ovidiana

65 2036 202 2089 puella
251 2048 289 2078 v.
334 2035 412 2077 137
457 2048 516 2088 sq.
570 2036 736 2076 nomina
788 2035 1010 2088 modosque
1070 2034 1249 2076 diversos
1306 2035 1378 2075 illa
1430 2033 1591 2086 quidem

66 2103 239 2157 quaerit,
272 2103 420 2156 quibus
442 2103 596 2144 crimen
627 2103 808 2155 obtegat.
863 2103 1015 2155 Neque,
1049 2114 1151 2154 quae
1181 2101 1253 2142 illa
1271 2101 1387 2142 addit
1418 2113 1453 2141 V.
1487 2100 1592 2140 598:

62 2166 257 2213 ‘honesta
287 2170 490 2224 quaedam
522 2170 673 2212 scelera
693 2183 900 2212 successus
930 2166 1061 2217 facit',
1095 2168 1357 2220 Euripideum
1388 2167 1592 2220 sophisma

0 2238 20 2293 ᾖ
66 2250 148 2280 11011
178 2237 372 2291 sapiunt3
403 2251 500 2280 nam
537 2238 580 2279 in
611 2242 788 2279 mentem
820 2238 933 2278 venit
963 2236 1100 2277 nutrix
1132 2235 1238 2288 apud
1271 2234 1505 2287 Euripidem
1533 2234 1592 2275 ita

7 2492 9 2495 ι
204 2451 217 2471 ¹
240 2451 285 2485 In
311 2450 526 2485 Coronifero
555 2462 612 2485 res
639 2450 748 2484 aliter
775 2461 811 2485 se
839 2450 968 2493 habet3
1008 2461 1087 2483 cum
1120 2447 1318 2483 concitatio
1352 2459 1393 2481 eo
1420 2446 1592 2488 leniatur,

0 2515 18 2551 ἐ’
69 2509 168 2554 quod
198 2510 327 2544 nutrix
353 2509 560 2544 intercedit.
595 2529 635 2533 —-
667 2510 791 2543 Nihilo
826 2509 940 2543 secius
967 2508 1159 2552 Hippolyti
1187 2506 1267 2540 fusa
1294 2506 1415 2550 iurgia
1442 2506 1480 2538 in
1506 2505 1593 2538 libe-

7 2557 22 2616 ,¹
67 2579 194 2602 rorum
210 2569 508 2612 procreationem
526 2569 604 2603 11116
619 2569 777 2602 ridicula
794 2571 890 2609 sunt,
910 2568 996 2610 quia
1015 2566 1170 2600 nutricis
1190 2565 1346 2599 incitans
1364 2563 1592 2608 provocat-io,

0 2628 10 2668 ᾗ
69 2637 162 2670 quae
186 2627 225 2660 in
250 2626 393 2669 Velato,
421 2628 451 2661 si
477 2630 577 2662 recte
604 2627 803 2671 disputavi.
832 2627 950 2660 locum
976 2625 1130 2667 invenit,
1157 2624 1305 2658 omnino
1334 2622 1447 2656 deest.

201 2686 215 2705 ²
243 2685 465 2730 Euripideos
493 2687 557 2720 hos
583 2697 711 2719 versus
743 2697 819 2719 esse
844 2684 948 2718 Gloe'l
983 2684 1004 2717 1.
1032 2684 1053 2717 l.
1081 2695 1115 2727 p.
1144 2683 1187 2716 50
1220 2693 1271 2725 sq.
1297 2681 1430 2715 merito
1465 2683 1594 2714 contra

69 2742 329 2778 Bartholdium
356 2744 424 2778 Rh.
441 2745 534 2778 Mus.
564 2745 584 2778 1.
603 2745 625 2777 1.
646 2755 679 2788 p.
700 2745 767 2777 337
793 2743 950 2785 monuit,
977 2741 1174 2775 servandos
1195 2752 1282 2782 esse,
1310 2750 1380 2782 quo
1400 2739 1479 2772 loco
1498 2748 1595 2770 nunc

68 2801 255 2846 leguntur,
294 2803 434 2837 nemini
473 2814 555 2837 eum
587 2802 811 2846 persuasisse
846 2811 962 2844 spero.
1012 2798 1125 2832 Recte
1163 2802 1287 2831 autem
1326 2795 1509 2830 intellexit
1547 2794 1593 2828 ad

69 2859 188 2904 λέγειν
205 2872 238 2894 v.
256 2862 323 2895 665
348 2872 392 2895 ex
411 2860 714 2895 antecedentibus
734 2863 858 2903 μισεῖν
883 2862 1054 2902 γυναῖκας
1074 2856 1237 2900 suppleri
1257 2854 1398 2888 debere.
1450 2853 1594 2886 Coniec-

7 2927 29 2943 '·¹
71 2918 181 2953 turis:
210 2923 353 2964 στυγεῖν
368 2919 531 2965 (Reiske)
551 2922 684 2963 ψέγειν
700 2916 946 2961 (Heimsoeth)
967 2915 1169 2950 sententiae
1188 2924 1340 2948 acumen
1366 2911 1593 2946 debilitatur.

0 3128 83 3310 ἰ
1307 2972 1327 3005 2
